{"info":{"0":{"a":121666127,"p":"155.90000000","q":"3.30000000","f":139513727,"l":139513727,"T":1586825232522,"m":false,"M":true},"1":{"a":121666128,"p":"155.90000000","q":"1.09332000","f":139513728,"l":139513728,"T":1586825232650,"m":false,"M":true},"2":{"a":121666129,"p":"155.89000000","q":"0.22451000","f":139513729,"l":139513729,"T":1586825233402,"m":true,"M":true},"3":{"a":121666130,"p":"155.88000000","q":"0.13064000","f":139513730,"l":139513730,"T":1586825233467,"m":false,"M":true},"4":{"a":121666131,"p":"155.86000000","q":"0.12800000","f":139513731,"l":139513731,"T":1586825233606,"m":true,"M":true},"5":{"a":121666132,"p":"155.87000000","q":"5.35298000","f":139513732,"l":139513732,"T":1586825233835,"m":true,"M":true},"6":{"a":121666133,"p":"155.86000000","q":"0.00031000","f":139513733,"l":139513733,"T":1586825233877,"m":true,"M":true},"7":{"a":121666134,"p":"155.85000000","q":"2.68000000","f":139513734,"l":139513735,"T":1586825233920,"m":true,"M":true},"8":{"a":121666135,"p":"155.82000000","q":"1.97150000","f":139513736,"l":139513736,"T":1586825234225,"m":true,"M":true},"9":{"a":121666136,"p":"155.86000000","q":"1.38633000","f":139513737,"l":139513737,"T":1586825234280,"m":false,"M":true},"10":{"a":121666137,"p":"155.86000000","q":"3.77090000","f":139513738,"l":139513738,"T":1586825234282,"m":false,"M":true},"11":{"a":121666138,"p":"155.83000000","q":"0.30000000","f":139513739,"l":139513739,"T":1586825234828,"m":true,"M":true},"12":{"a":121666139,"p":"155.83000000","q":"3.32500000","f":139513740,"l":139513740,"T":1586825234944,"m":true,"M":true},"13":{"a":121666140,"p":"155.83000000","q":"1.41763000","f":139513741,"l":139513741,"T":1586825234947,"m":true,"M":true},"14":{"a":121666141,"p":"155.84000000","q":"0.07990000","f":139513742,"l":139513742,"T":1586825236042,"m":false,"M":true},"15":{"a":121666142,"p":"155.83000000","q":"1.02400000","f":139513743,"l":139513743,"T":1586825236203,"m":true,"M":true},"16":{"a":121666143,"p":"155.82000000","q":"1.00000000","f":139513744,"l":139513744,"T":1586825236246,"m":true,"M":true},"17":{"a":121666144,"p":"155.82000000","q":"4.33036000","f":139513745,"l":139513745,"T":1586825236293,"m":true,"M":true},"18":{"a":121666145,"p":"155.82000000","q":"2.00000000","f":139513746,"l":139513746,"T":1586825236294,"m":true,"M":true},"19":{"a":121666146,"p":"155.82000000","q":"0.01868000","f":139513747,"l":139513747,"T":1586825236297,"m":true,"M":true},"20":{"a":121666147,"p":"155.81000000","q":"1.79452000","f":139513748,"l":139513748,"T":1586825236297,"m":true,"M":true},"21":{"a":121666148,"p":"155.81000000","q":"4.20548000","f":139513749,"l":139513749,"T":1586825236303,"m":true,"M":true},"22":{"a":121666149,"p":"155.80000000","q":"2.45480000","f":139513750,"l":139513753,"T":1586825236303,"m":true,"M":true},"23":{"a":121666150,"p":"155.80000000","q":"0.52749000","f":139513754,"l":139513755,"T":1586825236303,"m":true,"M":true},"24":{"a":121666151,"p":"155.80000000","q":"0.10228000","f":139513756,"l":139513756,"T":1586825236303,"m":true,"M":true},"25":{"a":121666152,"p":"155.80000000","q":"2.00000000","f":139513757,"l":139513757,"T":1586825236315,"m":true,"M":true},"26":{"a":121666153,"p":"155.80000000","q":"0.02148000","f":139513758,"l":139513758,"T":1586825236328,"m":true,"M":true},"27":{"a":121666154,"p":"155.79000000","q":"0.87852000","f":139513759,"l":139513760,"T":1586825236328,"m":true,"M":true},"28":{"a":121666155,"p":"155.79000000","q":"0.50000000","f":139513761,"l":139513761,"T":1586825236330,"m":true,"M":true},"29":{"a":121666156,"p":"155.79000000","q":"3.20820000","f":139513762,"l":139513763,"T":1586825236340,"m":true,"M":true},"30":{"a":121666157,"p":"155.79000000","q":"0.50000000","f":139513764,"l":139513764,"T":1586825236357,"m":true,"M":true},"31":{"a":121666158,"p":"155.79000000","q":"0.50000000","f":139513765,"l":139513765,"T":1586825236357,"m":true,"M":true},"32":{"a":121666159,"p":"155.79000000","q":"0.50000000","f":139513766,"l":139513766,"T":1586825236363,"m":true,"M":true},"33":{"a":121666160,"p":"155.79000000","q":"0.38983000","f":139513767,"l":139513767,"T":1586825236400,"m":true,"M":true},"34":{"a":121666161,"p":"155.78000000","q":"0.01017000","f":139513768,"l":139513768,"T":1586825236400,"m":true,"M":true},"35":{"a":121666162,"p":"155.78000000","q":"0.60000000","f":139513769,"l":139513769,"T":1586825236418,"m":true,"M":true},"36":{"a":121666163,"p":"155.78000000","q":"1.00000000","f":139513770,"l":139513770,"T":1586825236574,"m":true,"M":true},"37":{"a":121666164,"p":"155.78000000","q":"0.80000000","f":139513771,"l":139513771,"T":1586825236575,"m":true,"M":true},"38":{"a":121666165,"p":"155.78000000","q":"1.62777000","f":139513772,"l":139513772,"T":1586825236639,"m":true,"M":true},"39":{"a":121666166,"p":"155.77000000","q":"0.50000000","f":139513773,"l":139513774,"T":1586825236642,"m":true,"M":true},"40":{"a":121666167,"p":"155.77000000","q":"0.26253000","f":139513775,"l":139513777,"T":1586825236648,"m":true,"M":true},"41":{"a":121666168,"p":"155.76000000","q":"0.12000000","f":139513778,"l":139513778,"T":1586825236648,"m":true,"M":true},"42":{"a":121666169,"p":"155.75000000","q":"0.01747000","f":139513779,"l":139513779,"T":1586825236648,"m":true,"M":true},"43":{"a":121666170,"p":"155.75000000","q":"4.43566000","f":139513780,"l":139513783,"T":1586825236648,"m":true,"M":true},"44":{"a":121666171,"p":"155.74000000","q":"10.67066000","f":139513784,"l":139513785,"T":1586825236648,"m":true,"M":true},"45":{"a":121666172,"p":"155.73000000","q":"0.14786000","f":139513786,"l":139513787,"T":1586825236648,"m":true,"M":true},"46":{"a":121666173,"p":"155.72000000","q":"4.61810000","f":139513788,"l":139513790,"T":1586825236648,"m":true,"M":true},"47":{"a":121666174,"p":"155.71000000","q":"8.71566000","f":139513791,"l":139513795,"T":1586825236648,"m":true,"M":true},"48":{"a":121666175,"p":"155.70000000","q":"33.14201000","f":139513796,"l":139513801,"T":1586825236648,"m":true,"M":true},"49":{"a":121666176,"p":"155.70000000","q":"34.16973000","f":139513802,"l":139513802,"T":1586825236648,"m":true,"M":true},"50":{"a":121666177,"p":"155.70000000","q":"0.89856000","f":139513803,"l":139513803,"T":1586825236648,"m":true,"M":true},"51":{"a":121666178,"p":"155.70000000","q":"4.69609000","f":139513804,"l":139513804,"T":1586825236648,"m":true,"M":true},"52":{"a":121666179,"p":"155.69000000","q":"0.36287000","f":139513805,"l":139513807,"T":1586825236657,"m":true,"M":true},"53":{"a":121666180,"p":"155.68000000","q":"0.63713000","f":139513808,"l":139513809,"T":1586825236657,"m":true,"M":true},"54":{"a":121666181,"p":"155.68000000","q":"3.99999000","f":139513810,"l":139513811,"T":1586825236657,"m":true,"M":true},"55":{"a":121666182,"p":"155.69000000","q":"7.14035000","f":139513812,"l":139513813,"T":1586825236677,"m":false,"M":true},"56":{"a":121666183,"p":"155.68000000","q":"0.50000000","f":139513814,"l":139513814,"T":1586825236708,"m":true,"M":true},"57":{"a":121666184,"p":"155.69000000","q":"1.11753000","f":139513815,"l":139513815,"T":1586825236751,"m":false,"M":true},"58":{"a":121666185,"p":"155.69000000","q":"0.24000000","f":139513816,"l":139513816,"T":1586825236751,"m":false,"M":true},"59":{"a":121666186,"p":"155.70000000","q":"2.33995000","f":139513817,"l":139513817,"T":1586825236791,"m":false,"M":true},"60":{"a":121666187,"p":"155.75000000","q":"0.14000000","f":139513818,"l":139513818,"T":1586825236823,"m":false,"M":true},"61":{"a":121666188,"p":"155.74000000","q":"3.92000000","f":139513819,"l":139513819,"T":1586825236855,"m":false,"M":true},"62":{"a":121666189,"p":"155.74000000","q":"3.35239000","f":139513820,"l":139513820,"T":1586825236864,"m":false,"M":true},"63":{"a":121666190,"p":"155.70000000","q":"1.75830000","f":139513821,"l":139513821,"T":1586825236949,"m":true,"M":true},"64":{"a":121666191,"p":"155.74000000","q":"1.09637000","f":139513822,"l":139513822,"T":1586825237031,"m":false,"M":true},"65":{"a":121666192,"p":"155.72000000","q":"0.47400000","f":139513823,"l":139513823,"T":1586825237031,"m":true,"M":true},"66":{"a":121666193,"p":"155.74000000","q":"31.22562000","f":139513824,"l":139513824,"T":1586825237050,"m":false,"M":true},"67":{"a":121666194,"p":"155.78000000","q":"0.09832000","f":139513825,"l":139513825,"T":1586825237053,"m":false,"M":true},"68":{"a":121666195,"p":"155.79000000","q":"0.16226000","f":139513826,"l":139513826,"T":1586825237838,"m":true,"M":true},"69":{"a":121666196,"p":"155.81000000","q":"2.00000000","f":139513827,"l":139513827,"T":1586825238099,"m":false,"M":true},"70":{"a":121666197,"p":"155.79000000","q":"2.00000000","f":139513828,"l":139513828,"T":1586825238415,"m":true,"M":true},"71":{"a":121666198,"p":"155.79000000","q":"2.00000000","f":139513829,"l":139513829,"T":1586825238418,"m":true,"M":true},"72":{"a":121666199,"p":"155.79000000","q":"0.01434000","f":139513830,"l":139513830,"T":1586825238429,"m":true,"M":true},"73":{"a":121666200,"p":"155.78000000","q":"1.98566000","f":139513831,"l":139513831,"T":1586825238429,"m":true,"M":true},"74":{"a":121666201,"p":"155.78000000","q":"2.30000000","f":139513832,"l":139513832,"T":1586825238429,"m":true,"M":true},"75":{"a":121666202,"p":"155.81000000","q":"3.61200000","f":139513833,"l":139513834,"T":1586825238496,"m":false,"M":true},"76":{"a":121666203,"p":"155.78000000","q":"0.64172000","f":139513835,"l":139513835,"T":1586825238524,"m":true,"M":true},"77":{"a":121666204,"p":"155.80000000","q":"2.03216000","f":139513836,"l":139513836,"T":1586825238528,"m":false,"M":true},"78":{"a":121666205,"p":"155.80000000","q":"3.32300000","f":139513837,"l":139513837,"T":1586825238592,"m":false,"M":true},"79":{"a":121666206,"p":"155.79000000","q":"0.07673000","f":139513838,"l":139513838,"T":1586825238708,"m":true,"M":true},"80":{"a":121666207,"p":"155.81000000","q":"2.72700000","f":139513839,"l":139513839,"T":1586825239118,"m":false,"M":true},"81":{"a":121666208,"p":"155.81000000","q":"13.42756000","f":139513840,"l":139513840,"T":1586825239141,"m":false,"M":true},"82":{"a":121666209,"p":"155.79000000","q":"5.35522000","f":139513841,"l":139513841,"T":1586825239230,"m":true,"M":true},"83":{"a":121666210,"p":"155.78000000","q":"0.32715000","f":139513842,"l":139513842,"T":1586825239230,"m":true,"M":true},"84":{"a":121666211,"p":"155.78000000","q":"12.26000000","f":139513843,"l":139513843,"T":1586825239493,"m":true,"M":true},"85":{"a":121666212,"p":"155.84000000","q":"0.40339000","f":139513844,"l":139513844,"T":1586825239637,"m":false,"M":true},"86":{"a":121666213,"p":"155.80000000","q":"2.41300000","f":139513845,"l":139513845,"T":1586825239704,"m":false,"M":true},"87":{"a":121666214,"p":"155.83000000","q":"22.17800000","f":139513846,"l":139513846,"T":1586825239981,"m":false,"M":true},"88":{"a":121666215,"p":"155.83000000","q":"6.43000000","f":139513847,"l":139513847,"T":1586825240085,"m":false,"M":true},"89":{"a":121666216,"p":"155.80000000","q":"0.85659000","f":139513848,"l":139513848,"T":1586825240094,"m":true,"M":true},"90":{"a":121666217,"p":"155.78000000","q":"0.46631000","f":139513849,"l":139513849,"T":1586825241426,"m":true,"M":true},"91":{"a":121666218,"p":"155.80000000","q":"0.06482000","f":139513850,"l":139513850,"T":1586825241565,"m":true,"M":true},"92":{"a":121666219,"p":"155.80000000","q":"1.18766000","f":139513851,"l":139513851,"T":1586825242149,"m":false,"M":true},"93":{"a":121666220,"p":"155.84000000","q":"0.31851000","f":139513852,"l":139513852,"T":1586825243262,"m":false,"M":true},"94":{"a":121666221,"p":"155.85000000","q":"0.72877000","f":139513853,"l":139513853,"T":1586825243262,"m":false,"M":true},"95":{"a":121666222,"p":"155.84000000","q":"0.06510000","f":139513854,"l":139513854,"T":1586825243953,"m":false,"M":true},"96":{"a":121666223,"p":"155.83000000","q":"0.89046000","f":139513855,"l":139513855,"T":1586825245329,"m":true,"M":true},"97":{"a":121666224,"p":"155.86000000","q":"1.59584000","f":139513856,"l":139513856,"T":1586825246202,"m":false,"M":true},"98":{"a":121666225,"p":"155.88000000","q":"0.60000000","f":139513857,"l":139513857,"T":1586825247823,"m":false,"M":true},"99":{"a":121666226,"p":"155.85000000","q":"0.07632000","f":139513858,"l":139513858,"T":1586825248931,"m":true,"M":true},"100":{"a":121666227,"p":"155.88000000","q":"4.17095000","f":139513859,"l":139513859,"T":1586825249922,"m":false,"M":true},"101":{"a":121666228,"p":"155.91000000","q":"126.00000000","f":139513860,"l":139513860,"T":1586825253973,"m":false,"M":true},"102":{"a":121666229,"p":"155.91000000","q":"28.00000000","f":139513861,"l":139513861,"T":1586825253973,"m":false,"M":true},"103":{"a":121666230,"p":"155.91000000","q":"61.00000000","f":139513862,"l":139513862,"T":1586825253992,"m":false,"M":true},"104":{"a":121666231,"p":"155.91000000","q":"28.00000000","f":139513863,"l":139513863,"T":1586825253993,"m":false,"M":true},"105":{"a":121666232,"p":"155.91000000","q":"28.00000000","f":139513864,"l":139513864,"T":1586825253993,"m":false,"M":true},"106":{"a":121666233,"p":"155.91000000","q":"4.53167000","f":139513865,"l":139513865,"T":1586825253998,"m":false,"M":true},"107":{"a":121666234,"p":"155.95000000","q":"5.20000000","f":139513866,"l":139513866,"T":1586825254099,"m":false,"M":true},"108":{"a":121666235,"p":"155.95000000","q":"1.00000000","f":139513867,"l":139513867,"T":1586825254165,"m":false,"M":true},"109":{"a":121666236,"p":"155.97000000","q":"5.34955000","f":139513868,"l":139513868,"T":1586825255670,"m":true,"M":true},"110":{"a":121666237,"p":"155.96000000","q":"2.82534000","f":139513869,"l":139513870,"T":1586825255735,"m":true,"M":true},"111":{"a":121666238,"p":"155.96000000","q":"0.07288000","f":139513871,"l":139513871,"T":1586825259162,"m":true,"M":true},"112":{"a":121666239,"p":"155.96000000","q":"2.37560000","f":139513872,"l":139513872,"T":1586825259176,"m":true,"M":true},"113":{"a":121666240,"p":"155.97000000","q":"0.15100000","f":139513873,"l":139513873,"T":1586825259327,"m":false,"M":true},"114":{"a":121666241,"p":"155.96000000","q":"0.12700000","f":139513874,"l":139513874,"T":1586825259446,"m":true,"M":true},"115":{"a":121666242,"p":"155.97000000","q":"0.00026000","f":139513875,"l":139513875,"T":1586825259646,"m":false,"M":true},"116":{"a":121666243,"p":"155.99000000","q":"0.50000000","f":139513876,"l":139513876,"T":1586825259783,"m":false,"M":true},"117":{"a":121666244,"p":"155.99000000","q":"4.70490000","f":139513877,"l":139513877,"T":1586825259875,"m":false,"M":true},"118":{"a":121666245,"p":"155.99000000","q":"0.79510000","f":139513878,"l":139513878,"T":1586825260453,"m":false,"M":true},"119":{"a":121666246,"p":"156.00000000","q":"5.61660000","f":139513879,"l":139513880,"T":1586825260453,"m":false,"M":true},"120":{"a":121666247,"p":"156.03000000","q":"3.32789000","f":139513881,"l":139513881,"T":1586825262474,"m":false,"M":true},"121":{"a":121666248,"p":"156.04000000","q":"1.30111000","f":139513882,"l":139513882,"T":1586825262474,"m":false,"M":true},"122":{"a":121666249,"p":"156.02000000","q":"1.00000000","f":139513883,"l":139513883,"T":1586825263156,"m":false,"M":true},"123":{"a":121666250,"p":"156.08000000","q":"3.14800000","f":139513884,"l":139513884,"T":1586825264583,"m":false,"M":true},"124":{"a":121666251,"p":"156.06000000","q":"2.60000000","f":139513885,"l":139513885,"T":1586825265615,"m":true,"M":true},"125":{"a":121666252,"p":"156.07000000","q":"0.91100000","f":139513886,"l":139513886,"T":1586825265637,"m":false,"M":true},"126":{"a":121666253,"p":"156.03000000","q":"1.92445000","f":139513887,"l":139513887,"T":1586825265829,"m":true,"M":true},"127":{"a":121666254,"p":"156.05000000","q":"10.00000000","f":139513888,"l":139513888,"T":1586825266667,"m":true,"M":true},"128":{"a":121666255,"p":"156.06000000","q":"0.30000000","f":139513889,"l":139513889,"T":1586825267101,"m":true,"M":true},"129":{"a":121666256,"p":"156.12000000","q":"3.71094000","f":139513890,"l":139513890,"T":1586825268117,"m":false,"M":true},"130":{"a":121666257,"p":"156.12000000","q":"3.12386000","f":139513891,"l":139513891,"T":1586825268119,"m":false,"M":true},"131":{"a":121666258,"p":"156.12000000","q":"4.48203000","f":139513892,"l":139513892,"T":1586825268190,"m":false,"M":true},"132":{"a":121666259,"p":"156.12000000","q":"4.61548000","f":139513893,"l":139513893,"T":1586825268192,"m":false,"M":true},"133":{"a":121666260,"p":"156.12000000","q":"17.99127000","f":139513894,"l":139513894,"T":1586825268254,"m":false,"M":true},"134":{"a":121666261,"p":"156.12000000","q":"7.91122000","f":139513895,"l":139513895,"T":1586825268369,"m":false,"M":true},"135":{"a":121666262,"p":"156.12000000","q":"0.63574000","f":139513896,"l":139513896,"T":1586825268829,"m":true,"M":true},"136":{"a":121666263,"p":"156.12000000","q":"4.60656000","f":139513897,"l":139513897,"T":1586825269267,"m":true,"M":true},"137":{"a":121666264,"p":"156.13000000","q":"0.07258000","f":139513898,"l":139513898,"T":1586825269373,"m":false,"M":true},"138":{"a":121666265,"p":"156.13000000","q":"0.27000000","f":139513899,"l":139513900,"T":1586825269698,"m":false,"M":true},"139":{"a":121666266,"p":"156.12000000","q":"1.00000000","f":139513901,"l":139513901,"T":1586825269800,"m":true,"M":true},"140":{"a":121666267,"p":"156.12000000","q":"5.00000000","f":139513902,"l":139513902,"T":1586825269804,"m":true,"M":true},"141":{"a":121666268,"p":"156.12000000","q":"2.14974000","f":139513903,"l":139513903,"T":1586825269804,"m":true,"M":true},"142":{"a":121666269,"p":"156.12000000","q":"4.15440000","f":139513904,"l":139513905,"T":1586825269819,"m":true,"M":true},"143":{"a":121666270,"p":"156.12000000","q":"20.00000000","f":139513906,"l":139513908,"T":1586825269821,"m":true,"M":true},"144":{"a":121666271,"p":"156.12000000","q":"1.94143000","f":139513909,"l":139513909,"T":1586825269839,"m":true,"M":true},"145":{"a":121666272,"p":"156.12000000","q":"0.32027000","f":139513910,"l":139513910,"T":1586825269939,"m":false,"M":true},"146":{"a":121666273,"p":"156.11000000","q":"5.05857000","f":139513911,"l":139513911,"T":1586825269945,"m":true,"M":true},"147":{"a":121666274,"p":"156.11000000","q":"13.24560000","f":139513912,"l":139513913,"T":1586825270044,"m":true,"M":true},"148":{"a":121666275,"p":"156.11000000","q":"0.30000000","f":139513914,"l":139513914,"T":1586825270103,"m":true,"M":true},"149":{"a":121666276,"p":"156.13000000","q":"0.12800000","f":139513915,"l":139513915,"T":1586825271671,"m":false,"M":true},"150":{"a":121666277,"p":"156.13000000","q":"0.30000000","f":139513916,"l":139513916,"T":1586825271861,"m":false,"M":true},"151":{"a":121666278,"p":"156.12000000","q":"1.00000000","f":139513917,"l":139513917,"T":1586825272075,"m":true,"M":true},"152":{"a":121666279,"p":"156.12000000","q":"1.00000000","f":139513918,"l":139513918,"T":1586825272075,"m":true,"M":true},"153":{"a":121666280,"p":"156.12000000","q":"2.00000000","f":139513919,"l":139513919,"T":1586825272095,"m":true,"M":true},"154":{"a":121666281,"p":"156.12000000","q":"3.94458000","f":139513920,"l":139513921,"T":1586825272107,"m":true,"M":true},"155":{"a":121666282,"p":"156.11000000","q":"4.05542000","f":139513922,"l":139513922,"T":1586825272107,"m":true,"M":true},"156":{"a":121666283,"p":"156.12000000","q":"4.07033000","f":139513923,"l":139513923,"T":1586825272238,"m":true,"M":true},"157":{"a":121666284,"p":"156.12000000","q":"0.25373000","f":139513924,"l":139513924,"T":1586825272310,"m":true,"M":true},"158":{"a":121666285,"p":"156.11000000","q":"3.43371000","f":139513925,"l":139513925,"T":1586825272310,"m":true,"M":true},"159":{"a":121666286,"p":"156.11000000","q":"7.87163000","f":139513926,"l":139513926,"T":1586825272352,"m":true,"M":true},"160":{"a":121666287,"p":"156.12000000","q":"1.75830000","f":139513927,"l":139513927,"T":1586825272373,"m":true,"M":true},"161":{"a":121666288,"p":"156.12000000","q":"0.84170000","f":139513928,"l":139513928,"T":1586825272382,"m":true,"M":true},"162":{"a":121666289,"p":"156.11000000","q":"7.87163000","f":139513929,"l":139513929,"T":1586825272388,"m":true,"M":true},"163":{"a":121666290,"p":"156.11000000","q":"4.07033000","f":139513930,"l":139513930,"T":1586825272390,"m":true,"M":true},"164":{"a":121666291,"p":"156.11000000","q":"7.87163000","f":139513931,"l":139513931,"T":1586825272410,"m":true,"M":true},"165":{"a":121666292,"p":"156.11000000","q":"9.15830000","f":139513932,"l":139513932,"T":1586825272410,"m":true,"M":true},"166":{"a":121666293,"p":"156.11000000","q":"1.00000000","f":139513933,"l":139513933,"T":1586825272417,"m":true,"M":true},"167":{"a":121666294,"p":"156.11000000","q":"8.00000000","f":139513934,"l":139513934,"T":1586825272417,"m":true,"M":true},"168":{"a":121666295,"p":"156.11000000","q":"10.00000000","f":139513935,"l":139513935,"T":1586825272418,"m":true,"M":true},"169":{"a":121666296,"p":"156.11000000","q":"2.36735000","f":139513936,"l":139513936,"T":1586825272429,"m":true,"M":true},"170":{"a":121666297,"p":"156.07000000","q":"0.30000000","f":139513937,"l":139513937,"T":1586825273105,"m":true,"M":true},"171":{"a":121666298,"p":"156.12000000","q":"2.46780000","f":139513938,"l":139513938,"T":1586825274833,"m":true,"M":true},"172":{"a":121666299,"p":"156.12000000","q":"0.13220000","f":139513939,"l":139513939,"T":1586825274846,"m":true,"M":true},"173":{"a":121666300,"p":"156.10000000","q":"2.36377000","f":139513940,"l":139513940,"T":1586825275231,"m":true,"M":true},"174":{"a":121666301,"p":"156.11000000","q":"0.30000000","f":139513941,"l":139513941,"T":1586825276104,"m":true,"M":true},"175":{"a":121666302,"p":"156.11000000","q":"0.30000000","f":139513942,"l":139513942,"T":1586825279102,"m":true,"M":true},"176":{"a":121666303,"p":"156.11000000","q":"0.07427000","f":139513943,"l":139513943,"T":1586825279616,"m":true,"M":true},"177":{"a":121666304,"p":"156.11000000","q":"1.92573000","f":139513944,"l":139513944,"T":1586825280234,"m":true,"M":true},"178":{"a":121666305,"p":"156.10000000","q":"4.34158000","f":139513945,"l":139513945,"T":1586825280294,"m":true,"M":true},"179":{"a":121666306,"p":"156.10000000","q":"3.31568000","f":139513946,"l":139513946,"T":1586825280297,"m":true,"M":true},"180":{"a":121666307,"p":"156.07000000","q":"6.50565000","f":139513947,"l":139513947,"T":1586825280430,"m":true,"M":true},"181":{"a":121666308,"p":"156.07000000","q":"59.49435000","f":139513948,"l":139513948,"T":1586825280459,"m":true,"M":true},"182":{"a":121666309,"p":"156.10000000","q":"16.91557000","f":139513949,"l":139513951,"T":1586825280485,"m":false,"M":true},"183":{"a":121666310,"p":"156.11000000","q":"2.38509000","f":139513952,"l":139513952,"T":1586825280485,"m":false,"M":true},"184":{"a":121666311,"p":"156.06000000","q":"0.26871000","f":139513953,"l":139513953,"T":1586825280618,"m":true,"M":true},"185":{"a":121666312,"p":"156.06000000","q":"3.63129000","f":139513954,"l":139513954,"T":1586825280645,"m":true,"M":true},"186":{"a":121666313,"p":"156.04000000","q":"10.86700000","f":139513955,"l":139513956,"T":1586825282029,"m":true,"M":true},"187":{"a":121666314,"p":"156.03000000","q":"0.30000000","f":139513957,"l":139513957,"T":1586825282126,"m":true,"M":true},"188":{"a":121666315,"p":"156.04000000","q":"0.52500000","f":139513958,"l":139513958,"T":1586825282708,"m":false,"M":true},"189":{"a":121666316,"p":"156.04000000","q":"8.75000000","f":139513959,"l":139513960,"T":1586825282765,"m":false,"M":true},"190":{"a":121666317,"p":"156.04000000","q":"2.33369000","f":139513961,"l":139513961,"T":1586825282833,"m":false,"M":true},"191":{"a":121666318,"p":"156.03000000","q":"3.10300000","f":139513962,"l":139513962,"T":1586825283373,"m":true,"M":true},"192":{"a":121666319,"p":"156.03000000","q":"31.59027000","f":139513963,"l":139513963,"T":1586825283661,"m":true,"M":true},"193":{"a":121666320,"p":"156.03000000","q":"1.33570000","f":139513964,"l":139513965,"T":1586825284123,"m":false,"M":true},"194":{"a":121666321,"p":"156.02000000","q":"0.30000000","f":139513966,"l":139513966,"T":1586825285121,"m":true,"M":true},"195":{"a":121666322,"p":"156.01000000","q":"0.56600000","f":139513967,"l":139513967,"T":1586825285760,"m":true,"M":true},"196":{"a":121666323,"p":"156.01000000","q":"23.62500000","f":139513968,"l":139513968,"T":1586825285857,"m":true,"M":true},"197":{"a":121666324,"p":"155.99000000","q":"1.10909000","f":139513969,"l":139513969,"T":1586825286452,"m":false,"M":true},"198":{"a":121666325,"p":"155.99000000","q":"1.95581000","f":139513970,"l":139513970,"T":1586825286493,"m":false,"M":true},"199":{"a":121666326,"p":"156.05000000","q":"1.08771000","f":139513971,"l":139513971,"T":1586825287790,"m":false,"M":true},"200":{"a":121666327,"p":"156.01000000","q":"0.30000000","f":139513972,"l":139513972,"T":1586825288141,"m":true,"M":true},"201":{"a":121666328,"p":"156.04000000","q":"0.07072000","f":139513973,"l":139513973,"T":1586825289806,"m":false,"M":true},"202":{"a":121666329,"p":"156.05000000","q":"6.30148000","f":139513974,"l":139513974,"T":1586825290505,"m":false,"M":true},"203":{"a":121666330,"p":"156.05000000","q":"28.74837000","f":139513975,"l":139513975,"T":1586825290519,"m":false,"M":true},"204":{"a":121666331,"p":"156.07000000","q":"1.51211000","f":139513976,"l":139513976,"T":1586825290592,"m":false,"M":true},"205":{"a":121666332,"p":"156.07000000","q":"5.00000000","f":139513977,"l":139513977,"T":1586825290592,"m":false,"M":true},"206":{"a":121666333,"p":"156.08000000","q":"0.18800000","f":139513978,"l":139513978,"T":1586825290629,"m":false,"M":true},"207":{"a":121666334,"p":"156.10000000","q":"3.14800000","f":139513979,"l":139513979,"T":1586825290866,"m":false,"M":true},"208":{"a":121666335,"p":"156.07000000","q":"0.30000000","f":139513980,"l":139513980,"T":1586825291143,"m":true,"M":true},"209":{"a":121666336,"p":"156.11000000","q":"1.00008000","f":139513981,"l":139513981,"T":1586825291720,"m":false,"M":true},"210":{"a":121666337,"p":"156.11000000","q":"1.45800000","f":139513982,"l":139513982,"T":1586825291965,"m":false,"M":true},"211":{"a":121666338,"p":"156.10000000","q":"27.00000000","f":139513983,"l":139513984,"T":1586825292629,"m":true,"M":true},"212":{"a":121666339,"p":"156.10000000","q":"0.18800000","f":139513985,"l":139513985,"T":1586825292649,"m":true,"M":true},"213":{"a":121666340,"p":"156.10000000","q":"2.41200000","f":139513986,"l":139513986,"T":1586825292718,"m":true,"M":true},"214":{"a":121666341,"p":"156.10000000","q":"14.99065000","f":139513987,"l":139513988,"T":1586825292740,"m":true,"M":true},"215":{"a":121666342,"p":"156.10000000","q":"21.85863000","f":139513989,"l":139513990,"T":1586825293391,"m":true,"M":true},"216":{"a":121666343,"p":"156.11000000","q":"0.00092000","f":139513991,"l":139513991,"T":1586825293944,"m":false,"M":true},"217":{"a":121666344,"p":"156.13000000","q":"0.00051000","f":139513992,"l":139513992,"T":1586825293944,"m":false,"M":true},"218":{"a":121666345,"p":"156.15000000","q":"1.57257000","f":139513993,"l":139513993,"T":1586825293944,"m":false,"M":true},"219":{"a":121666346,"p":"156.10000000","q":"10.77441000","f":139513994,"l":139513994,"T":1586825294004,"m":true,"M":true},"220":{"a":121666347,"p":"156.13000000","q":"0.15541000","f":139513995,"l":139513995,"T":1586825294124,"m":true,"M":true},"221":{"a":121666348,"p":"156.13000000","q":"0.30000000","f":139513996,"l":139513996,"T":1586825294155,"m":true,"M":true},"222":{"a":121666349,"p":"156.13000000","q":"3.00000000","f":139513997,"l":139513997,"T":1586825294212,"m":true,"M":true},"223":{"a":121666350,"p":"156.15000000","q":"3.49850000","f":139513998,"l":139513998,"T":1586825296637,"m":true,"M":true},"224":{"a":121666351,"p":"156.15000000","q":"1.69824000","f":139513999,"l":139513999,"T":1586825296643,"m":true,"M":true},"225":{"a":121666352,"p":"156.15000000","q":"3.44845000","f":139514000,"l":139514001,"T":1586825296653,"m":true,"M":true},"226":{"a":121666353,"p":"156.15000000","q":"0.30000000","f":139514002,"l":139514002,"T":1586825297152,"m":true,"M":true},"227":{"a":121666354,"p":"156.15000000","q":"0.94110000","f":139514003,"l":139514003,"T":1586825298244,"m":true,"M":true},"228":{"a":121666355,"p":"156.16000000","q":"0.12501000","f":139514004,"l":139514004,"T":1586825299707,"m":false,"M":true},"229":{"a":121666356,"p":"156.20000000","q":"1.64420000","f":139514005,"l":139514005,"T":1586825299707,"m":false,"M":true},"230":{"a":121666357,"p":"156.20000000","q":"0.07724000","f":139514006,"l":139514006,"T":1586825300038,"m":false,"M":true},"231":{"a":121666358,"p":"156.18000000","q":"0.30000000","f":139514007,"l":139514007,"T":1586825300151,"m":true,"M":true},"232":{"a":121666359,"p":"156.20000000","q":"2.70336000","f":139514008,"l":139514008,"T":1586825300344,"m":false,"M":true},"233":{"a":121666360,"p":"156.19000000","q":"1.17170000","f":139514009,"l":139514009,"T":1586825301180,"m":true,"M":true},"234":{"a":121666361,"p":"156.20000000","q":"0.08000000","f":139514010,"l":139514010,"T":1586825302968,"m":false,"M":true},"235":{"a":121666362,"p":"156.21000000","q":"0.07240000","f":139514011,"l":139514011,"T":1586825303105,"m":true,"M":true},"236":{"a":121666363,"p":"156.21000000","q":"0.30000000","f":139514012,"l":139514012,"T":1586825303150,"m":true,"M":true},"237":{"a":121666364,"p":"156.21000000","q":"14.96060000","f":139514013,"l":139514015,"T":1586825303468,"m":true,"M":true},"238":{"a":121666365,"p":"156.20000000","q":"5.34100000","f":139514016,"l":139514016,"T":1586825303808,"m":false,"M":true},"239":{"a":121666366,"p":"156.20000000","q":"0.44640000","f":139514017,"l":139514017,"T":1586825305911,"m":true,"M":true},"240":{"a":121666367,"p":"156.20000000","q":"0.30000000","f":139514018,"l":139514018,"T":1586825306153,"m":true,"M":true},"241":{"a":121666368,"p":"156.22000000","q":"2.50346000","f":139514019,"l":139514019,"T":1586825307562,"m":false,"M":true},"242":{"a":121666369,"p":"156.23000000","q":"2.12554000","f":139514020,"l":139514021,"T":1586825307562,"m":false,"M":true},"243":{"a":121666370,"p":"156.20000000","q":"0.30000000","f":139514022,"l":139514022,"T":1586825309158,"m":true,"M":true},"244":{"a":121666371,"p":"156.20000000","q":"1.55360000","f":139514023,"l":139514023,"T":1586825309261,"m":true,"M":true},"245":{"a":121666372,"p":"156.17000000","q":"6.58790000","f":139514024,"l":139514025,"T":1586825309261,"m":true,"M":true},"246":{"a":121666373,"p":"156.22000000","q":"0.07044000","f":139514026,"l":139514026,"T":1586825310249,"m":false,"M":true},"247":{"a":121666374,"p":"156.20000000","q":"0.30000000","f":139514027,"l":139514027,"T":1586825312195,"m":true,"M":true},"248":{"a":121666375,"p":"156.22000000","q":"0.30000000","f":139514028,"l":139514028,"T":1586825315194,"m":true,"M":true},"249":{"a":121666376,"p":"156.23000000","q":"0.15359000","f":139514029,"l":139514029,"T":1586825316307,"m":false,"M":true},"250":{"a":121666377,"p":"156.24000000","q":"1.41763000","f":139514030,"l":139514030,"T":1586825317589,"m":false,"M":true},"251":{"a":121666378,"p":"156.23000000","q":"0.15126000","f":139514031,"l":139514031,"T":1586825318196,"m":true,"M":true},"252":{"a":121666379,"p":"156.23000000","q":"0.30000000","f":139514032,"l":139514032,"T":1586825318207,"m":true,"M":true},"253":{"a":121666380,"p":"156.24000000","q":"0.07120000","f":139514033,"l":139514033,"T":1586825320464,"m":false,"M":true},"254":{"a":121666381,"p":"156.23000000","q":"0.30000000","f":139514034,"l":139514034,"T":1586825321214,"m":true,"M":true},"255":{"a":121666382,"p":"156.24000000","q":"2.88347000","f":139514035,"l":139514035,"T":1586825321356,"m":false,"M":true},"256":{"a":121666383,"p":"156.25000000","q":"2.00000000","f":139514036,"l":139514036,"T":1586825321356,"m":false,"M":true},"257":{"a":121666384,"p":"156.29000000","q":"8.08048000","f":139514037,"l":139514040,"T":1586825321356,"m":false,"M":true},"258":{"a":121666385,"p":"156.30000000","q":"18.03605000","f":139514041,"l":139514043,"T":1586825321356,"m":false,"M":true},"259":{"a":121666386,"p":"156.24000000","q":"3.10955000","f":139514044,"l":139514044,"T":1586825321705,"m":true,"M":true},"260":{"a":121666387,"p":"156.24000000","q":"19.34009000","f":139514045,"l":139514047,"T":1586825321775,"m":true,"M":true},"261":{"a":121666388,"p":"156.23000000","q":"68.19404000","f":139514048,"l":139514050,"T":1586825321775,"m":true,"M":true},"262":{"a":121666389,"p":"156.21000000","q":"60.00000000","f":139514051,"l":139514051,"T":1586825321775,"m":true,"M":true},"263":{"a":121666390,"p":"156.20000000","q":"19.70000000","f":139514052,"l":139514052,"T":1586825321775,"m":true,"M":true},"264":{"a":121666391,"p":"156.19000000","q":"15.15000000","f":139514053,"l":139514053,"T":1586825321775,"m":true,"M":true},"265":{"a":121666392,"p":"156.18000000","q":"37.13192000","f":139514054,"l":139514056,"T":1586825321775,"m":true,"M":true},"266":{"a":121666393,"p":"156.17000000","q":"19.77694000","f":139514057,"l":139514059,"T":1586825321775,"m":true,"M":true},"267":{"a":121666394,"p":"156.16000000","q":"27.27022000","f":139514060,"l":139514071,"T":1586825321775,"m":true,"M":true},"268":{"a":121666395,"p":"156.15000000","q":"26.00000000","f":139514072,"l":139514073,"T":1586825321775,"m":true,"M":true},"269":{"a":121666396,"p":"156.14000000","q":"7.43679000","f":139514074,"l":139514074,"T":1586825321775,"m":true,"M":true},"270":{"a":121666397,"p":"156.20000000","q":"0.13900000","f":139514075,"l":139514075,"T":1586825322071,"m":false,"M":true},"271":{"a":121666398,"p":"156.20000000","q":"0.12700000","f":139514076,"l":139514076,"T":1586825322181,"m":false,"M":true},"272":{"a":121666399,"p":"156.14000000","q":"4.70430000","f":139514077,"l":139514077,"T":1586825322945,"m":false,"M":true},"273":{"a":121666400,"p":"156.14000000","q":"15.09570000","f":139514078,"l":139514079,"T":1586825323194,"m":false,"M":true},"274":{"a":121666401,"p":"156.17000000","q":"0.30000000","f":139514080,"l":139514080,"T":1586825324224,"m":true,"M":true},"275":{"a":121666402,"p":"156.14000000","q":"5.98903000","f":139514081,"l":139514081,"T":1586825324362,"m":true,"M":true},"276":{"a":121666403,"p":"156.13000000","q":"4.19065000","f":139514082,"l":139514082,"T":1586825324362,"m":true,"M":true},"277":{"a":121666404,"p":"156.13000000","q":"2.60000000","f":139514083,"l":139514083,"T":1586825324666,"m":true,"M":true},"278":{"a":121666405,"p":"156.11000000","q":"3.03393000","f":139514084,"l":139514084,"T":1586825325168,"m":true,"M":true},"279":{"a":121666406,"p":"156.11000000","q":"2.37031000","f":139514085,"l":139514085,"T":1586825325429,"m":false,"M":true},"280":{"a":121666407,"p":"156.11000000","q":"8.19484000","f":139514086,"l":139514087,"T":1586825325430,"m":false,"M":true},"281":{"a":121666408,"p":"156.11000000","q":"2.12690000","f":139514088,"l":139514088,"T":1586825325440,"m":false,"M":true},"282":{"a":121666409,"p":"156.11000000","q":"3.82843000","f":139514089,"l":139514089,"T":1586825325442,"m":false,"M":true},"283":{"a":121666410,"p":"156.11000000","q":"7.60416000","f":139514090,"l":139514090,"T":1586825325924,"m":false,"M":true},"284":{"a":121666411,"p":"156.12000000","q":"0.08700000","f":139514091,"l":139514091,"T":1586825326482,"m":true,"M":true},"285":{"a":121666412,"p":"156.12000000","q":"0.30000000","f":139514092,"l":139514092,"T":1586825327229,"m":true,"M":true},"286":{"a":121666413,"p":"156.14000000","q":"0.30000000","f":139514093,"l":139514093,"T":1586825330236,"m":true,"M":true},"287":{"a":121666414,"p":"156.14000000","q":"0.07713000","f":139514094,"l":139514094,"T":1586825330683,"m":true,"M":true},"288":{"a":121666415,"p":"156.14000000","q":"0.30000000","f":139514095,"l":139514095,"T":1586825333236,"m":true,"M":true},"289":{"a":121666416,"p":"156.15000000","q":"2.41167000","f":139514096,"l":139514096,"T":1586825336643,"m":false,"M":true},"290":{"a":121666417,"p":"156.15000000","q":"2.79256000","f":139514097,"l":139514097,"T":1586825336654,"m":false,"M":true},"291":{"a":121666418,"p":"156.20000000","q":"6.27233000","f":139514098,"l":139514098,"T":1586825337230,"m":false,"M":true},"292":{"a":121666419,"p":"156.21000000","q":"2.06606000","f":139514099,"l":139514099,"T":1586825337431,"m":false,"M":true},"293":{"a":121666420,"p":"156.21000000","q":"0.25500000","f":139514100,"l":139514100,"T":1586825337603,"m":true,"M":true},"294":{"a":121666421,"p":"156.20000000","q":"0.07299000","f":139514101,"l":139514101,"T":1586825340897,"m":true,"M":true},"295":{"a":121666422,"p":"156.21000000","q":"5.34133000","f":139514102,"l":139514102,"T":1586825341787,"m":false,"M":true},"296":{"a":121666423,"p":"156.22000000","q":"5.15867000","f":139514103,"l":139514103,"T":1586825341787,"m":false,"M":true},"297":{"a":121666424,"p":"156.21000000","q":"1.72332000","f":139514104,"l":139514104,"T":1586825342966,"m":true,"M":true},"298":{"a":121666425,"p":"156.22000000","q":"2.00000000","f":139514105,"l":139514105,"T":1586825344293,"m":false,"M":true},"299":{"a":121666426,"p":"156.22000000","q":"4.00000000","f":139514106,"l":139514106,"T":1586825344294,"m":false,"M":true},"300":{"a":121666427,"p":"156.22000000","q":"9.02951000","f":139514107,"l":139514107,"T":1586825344298,"m":false,"M":true},"301":{"a":121666428,"p":"156.22000000","q":"1.00000000","f":139514108,"l":139514108,"T":1586825344298,"m":false,"M":true},"302":{"a":121666429,"p":"156.22000000","q":"10.00000000","f":139514109,"l":139514109,"T":1586825344300,"m":false,"M":true},"303":{"a":121666430,"p":"156.22000000","q":"9.00000000","f":139514110,"l":139514110,"T":1586825344301,"m":false,"M":true},"304":{"a":121666431,"p":"156.23000000","q":"0.06720000","f":139514111,"l":139514111,"T":1586825344467,"m":false,"M":true},"305":{"a":121666432,"p":"156.21000000","q":"2.78985000","f":139514112,"l":139514113,"T":1586825347616,"m":true,"M":true},"306":{"a":121666433,"p":"156.18000000","q":"0.07420000","f":139514114,"l":139514114,"T":1586825349374,"m":false,"M":true},"307":{"a":121666434,"p":"156.18000000","q":"0.07496000","f":139514115,"l":139514115,"T":1586825351142,"m":false,"M":true},"308":{"a":121666435,"p":"156.17000000","q":"4.62900000","f":139514116,"l":139514116,"T":1586825352778,"m":false,"M":true},"309":{"a":121666436,"p":"156.17000000","q":"0.16000000","f":139514117,"l":139514117,"T":1586825353822,"m":false,"M":true},"310":{"a":121666437,"p":"156.18000000","q":"1.60100000","f":139514118,"l":139514118,"T":1586825354874,"m":false,"M":true},"311":{"a":121666438,"p":"156.18000000","q":"2.62600000","f":139514119,"l":139514120,"T":1586825355610,"m":false,"M":true},"312":{"a":121666439,"p":"156.15000000","q":"2.50000000","f":139514121,"l":139514121,"T":1586825357711,"m":true,"M":true},"313":{"a":121666440,"p":"156.12000000","q":"0.06895000","f":139514122,"l":139514122,"T":1586825359400,"m":false,"M":true},"314":{"a":121666441,"p":"156.10000000","q":"0.07220000","f":139514123,"l":139514123,"T":1586825361349,"m":true,"M":true},"315":{"a":121666442,"p":"156.10000000","q":"0.34600000","f":139514124,"l":139514124,"T":1586825361444,"m":true,"M":true},"316":{"a":121666443,"p":"156.10000000","q":"7.97100000","f":139514125,"l":139514125,"T":1586825363673,"m":false,"M":true},"317":{"a":121666444,"p":"156.10000000","q":"0.15500000","f":139514126,"l":139514126,"T":1586825363783,"m":false,"M":true},"318":{"a":121666445,"p":"156.08000000","q":"0.17400000","f":139514127,"l":139514127,"T":1586825368383,"m":false,"M":true},"319":{"a":121666446,"p":"156.08000000","q":"0.07337000","f":139514128,"l":139514128,"T":1586825371572,"m":true,"M":true},"320":{"a":121666447,"p":"156.06000000","q":"5.34629000","f":139514129,"l":139514129,"T":1586825379650,"m":true,"M":true},"321":{"a":121666448,"p":"156.05000000","q":"7.35374000","f":139514130,"l":139514131,"T":1586825379650,"m":true,"M":true},"322":{"a":121666449,"p":"156.04000000","q":"14.24790000","f":139514132,"l":139514134,"T":1586825379650,"m":true,"M":true},"323":{"a":121666450,"p":"156.03000000","q":"4.02114000","f":139514135,"l":139514136,"T":1586825379650,"m":true,"M":true},"324":{"a":121666451,"p":"156.07000000","q":"2.45100000","f":139514137,"l":139514137,"T":1586825379722,"m":false,"M":true},"325":{"a":121666452,"p":"156.02000000","q":"0.07363000","f":139514138,"l":139514138,"T":1586825379791,"m":true,"M":true},"326":{"a":121666453,"p":"156.04000000","q":"2.58000000","f":139514139,"l":139514139,"T":1586825380457,"m":false,"M":true},"327":{"a":121666454,"p":"156.07000000","q":"23.84300000","f":139514140,"l":139514140,"T":1586825380561,"m":false,"M":true},"328":{"a":121666455,"p":"156.07000000","q":"0.21000000","f":139514141,"l":139514141,"T":1586825380657,"m":false,"M":true},"329":{"a":121666456,"p":"156.08000000","q":"0.17900000","f":139514142,"l":139514142,"T":1586825381076,"m":false,"M":true},"330":{"a":121666457,"p":"156.07000000","q":"4.48600000","f":139514143,"l":139514143,"T":1586825381704,"m":false,"M":true},"331":{"a":121666458,"p":"156.06000000","q":"7.61200000","f":139514144,"l":139514145,"T":1586825382225,"m":false,"M":true},"332":{"a":121666459,"p":"156.06000000","q":"1.78200000","f":139514146,"l":139514146,"T":1586825382529,"m":false,"M":true},"333":{"a":121666460,"p":"156.07000000","q":"2.77000000","f":139514147,"l":139514147,"T":1586825383166,"m":false,"M":true},"334":{"a":121666461,"p":"156.07000000","q":"0.21000000","f":139514148,"l":139514148,"T":1586825385731,"m":false,"M":true},"335":{"a":121666462,"p":"156.05000000","q":"5.00000000","f":139514149,"l":139514149,"T":1586825385963,"m":true,"M":true},"336":{"a":121666463,"p":"156.07000000","q":"0.09700000","f":139514150,"l":139514150,"T":1586825386363,"m":false,"M":true},"337":{"a":121666464,"p":"156.03000000","q":"0.09700000","f":139514151,"l":139514151,"T":1586825387422,"m":false,"M":true},"338":{"a":121666465,"p":"156.06000000","q":"2.67300000","f":139514152,"l":139514152,"T":1586825388475,"m":false,"M":true},"339":{"a":121666466,"p":"156.06000000","q":"7.97200000","f":139514153,"l":139514153,"T":1586825389635,"m":false,"M":true},"340":{"a":121666467,"p":"156.02000000","q":"0.07108000","f":139514154,"l":139514154,"T":1586825390012,"m":true,"M":true},"341":{"a":121666468,"p":"156.06000000","q":"1.23900000","f":139514155,"l":139514155,"T":1586825390026,"m":false,"M":true},"342":{"a":121666469,"p":"156.05000000","q":"0.06508000","f":139514156,"l":139514156,"T":1586825390041,"m":false,"M":true},"343":{"a":121666470,"p":"156.05000000","q":"1.92400000","f":139514157,"l":139514157,"T":1586825390061,"m":false,"M":true},"344":{"a":121666471,"p":"156.05000000","q":"1.44900000","f":139514158,"l":139514158,"T":1586825391010,"m":false,"M":true},"345":{"a":121666472,"p":"156.04000000","q":"4.37500000","f":139514159,"l":139514159,"T":1586825394908,"m":false,"M":true},"346":{"a":121666473,"p":"156.05000000","q":"1.60200000","f":139514160,"l":139514160,"T":1586825397245,"m":false,"M":true},"347":{"a":121666474,"p":"156.05000000","q":"3.08900000","f":139514161,"l":139514161,"T":1586825397342,"m":false,"M":true},"348":{"a":121666475,"p":"156.01000000","q":"0.07503000","f":139514162,"l":139514162,"T":1586825398219,"m":true,"M":true},"349":{"a":121666476,"p":"156.03000000","q":"4.28500000","f":139514163,"l":139514163,"T":1586825399881,"m":false,"M":true},"350":{"a":121666477,"p":"156.01000000","q":"3.91342000","f":139514164,"l":139514164,"T":1586825401096,"m":true,"M":true},"351":{"a":121666478,"p":"156.03000000","q":"0.22900000","f":139514165,"l":139514165,"T":1586825401155,"m":false,"M":true},"352":{"a":121666479,"p":"156.05000000","q":"0.16400000","f":139514166,"l":139514166,"T":1586825402531,"m":false,"M":true},"353":{"a":121666480,"p":"156.05000000","q":"3.94900000","f":139514167,"l":139514167,"T":1586825402635,"m":false,"M":true},"354":{"a":121666481,"p":"156.02000000","q":"0.27204000","f":139514168,"l":139514168,"T":1586825405363,"m":false,"M":true},"355":{"a":121666482,"p":"156.03000000","q":"1.78250000","f":139514169,"l":139514169,"T":1586825405376,"m":false,"M":true},"356":{"a":121666483,"p":"156.03000000","q":"2.39486000","f":139514170,"l":139514170,"T":1586825405410,"m":false,"M":true},"357":{"a":121666484,"p":"156.07000000","q":"0.92386000","f":139514171,"l":139514171,"T":1586825405631,"m":true,"M":true},"358":{"a":121666485,"p":"156.09000000","q":"3.25431000","f":139514172,"l":139514175,"T":1586825405655,"m":false,"M":true},"359":{"a":121666486,"p":"156.11000000","q":"6.24534000","f":139514176,"l":139514177,"T":1586825405688,"m":false,"M":true},"360":{"a":121666487,"p":"156.12000000","q":"0.10626000","f":139514178,"l":139514178,"T":1586825406574,"m":true,"M":true},"361":{"a":121666488,"p":"156.13000000","q":"4.37500000","f":139514179,"l":139514179,"T":1586825407718,"m":true,"M":true},"362":{"a":121666489,"p":"156.12000000","q":"3.99174000","f":139514180,"l":139514181,"T":1586825408072,"m":true,"M":true},"363":{"a":121666490,"p":"156.09000000","q":"0.07213000","f":139514182,"l":139514182,"T":1586825408439,"m":true,"M":true},"364":{"a":121666491,"p":"156.12000000","q":"0.12200000","f":139514183,"l":139514183,"T":1586825408646,"m":false,"M":true},"365":{"a":121666492,"p":"156.13000000","q":"1.00000000","f":139514184,"l":139514184,"T":1586825410807,"m":false,"M":true},"366":{"a":121666493,"p":"156.14000000","q":"1.30000000","f":139514185,"l":139514185,"T":1586825410828,"m":false,"M":true},"367":{"a":121666494,"p":"156.14000000","q":"15.00000000","f":139514186,"l":139514186,"T":1586825410829,"m":false,"M":true},"368":{"a":121666495,"p":"156.16000000","q":"11.88711000","f":139514187,"l":139514189,"T":1586825413014,"m":true,"M":true},"369":{"a":121666496,"p":"156.15000000","q":"2.63623000","f":139514190,"l":139514190,"T":1586825413014,"m":true,"M":true},"370":{"a":121666497,"p":"156.17000000","q":"13.59500000","f":139514191,"l":139514191,"T":1586825413966,"m":false,"M":true},"371":{"a":121666498,"p":"156.17000000","q":"0.16100000","f":139514192,"l":139514192,"T":1586825414072,"m":false,"M":true},"372":{"a":121666499,"p":"156.15000000","q":"4.46421000","f":139514193,"l":139514194,"T":1586825414397,"m":true,"M":true},"373":{"a":121666500,"p":"156.14000000","q":"0.30000000","f":139514195,"l":139514195,"T":1586825415395,"m":true,"M":true},"374":{"a":121666501,"p":"156.19000000","q":"0.07658000","f":139514196,"l":139514196,"T":1586825415529,"m":false,"M":true},"375":{"a":121666502,"p":"156.21000000","q":"1.32294000","f":139514197,"l":139514197,"T":1586825416952,"m":true,"M":true},"376":{"a":121666503,"p":"156.20000000","q":"2.29553000","f":139514198,"l":139514198,"T":1586825417066,"m":true,"M":true},"377":{"a":121666504,"p":"156.22000000","q":"6.00000000","f":139514199,"l":139514199,"T":1586825418057,"m":false,"M":true},"378":{"a":121666505,"p":"156.22000000","q":"1.70447000","f":139514200,"l":139514200,"T":1586825418115,"m":true,"M":true},"379":{"a":121666506,"p":"156.22000000","q":"0.07326000","f":139514201,"l":139514201,"T":1586825418241,"m":true,"M":true},"380":{"a":121666507,"p":"156.22000000","q":"0.12611000","f":139514202,"l":139514202,"T":1586825418336,"m":true,"M":true},"381":{"a":121666508,"p":"156.23000000","q":"5.33996000","f":139514203,"l":139514203,"T":1586825418544,"m":true,"M":true},"382":{"a":121666509,"p":"156.23000000","q":"0.66004000","f":139514204,"l":139514204,"T":1586825418638,"m":true,"M":true},"383":{"a":121666510,"p":"156.21000000","q":"0.07113000","f":139514205,"l":139514205,"T":1586825418682,"m":true,"M":true},"384":{"a":121666511,"p":"156.22000000","q":"2.60000000","f":139514206,"l":139514206,"T":1586825426071,"m":true,"M":true},"385":{"a":121666512,"p":"156.21000000","q":"20.43620000","f":139514207,"l":139514207,"T":1586825426097,"m":true,"M":true},"386":{"a":121666513,"p":"156.21000000","q":"2.11304000","f":139514208,"l":139514208,"T":1586825426100,"m":true,"M":true},"387":{"a":121666514,"p":"156.20000000","q":"3.20081000","f":139514209,"l":139514209,"T":1586825426165,"m":true,"M":true},"388":{"a":121666515,"p":"156.17000000","q":"0.30000000","f":139514210,"l":139514210,"T":1586825427412,"m":true,"M":true},"389":{"a":121666516,"p":"156.21000000","q":"42.37299000","f":139514211,"l":139514211,"T":1586825427854,"m":false,"M":true},"390":{"a":121666517,"p":"156.21000000","q":"5.00000000","f":139514212,"l":139514212,"T":1586825427893,"m":false,"M":true},"391":{"a":121666518,"p":"156.23000000","q":"0.07514000","f":139514213,"l":139514213,"T":1586825428891,"m":true,"M":true},"392":{"a":121666519,"p":"156.22000000","q":"0.30000000","f":139514214,"l":139514214,"T":1586825431409,"m":true,"M":true},"393":{"a":121666520,"p":"156.25000000","q":"3.90694000","f":139514215,"l":139514215,"T":1586825431740,"m":false,"M":true},"394":{"a":121666521,"p":"156.22000000","q":"2.60000000","f":139514216,"l":139514216,"T":1586825436187,"m":true,"M":true},"395":{"a":121666522,"p":"156.19000000","q":"0.07609000","f":139514217,"l":139514217,"T":1586825439121,"m":true,"M":true},"396":{"a":121666523,"p":"156.22000000","q":"0.15126000","f":139514218,"l":139514218,"T":1586825439492,"m":false,"M":true},"397":{"a":121666524,"p":"156.24000000","q":"0.46735000","f":139514219,"l":139514219,"T":1586825439769,"m":true,"M":true},"398":{"a":121666525,"p":"156.18000000","q":"0.11653000","f":139514220,"l":139514220,"T":1586825446978,"m":true,"M":true},"399":{"a":121666526,"p":"156.20000000","q":"0.07723000","f":139514221,"l":139514221,"T":1586825449329,"m":true,"M":true},"400":{"a":121666527,"p":"156.24000000","q":"13.96483000","f":139514222,"l":139514222,"T":1586825453370,"m":false,"M":true},"401":{"a":121666528,"p":"156.22000000","q":"0.49430000","f":139514223,"l":139514223,"T":1586825454121,"m":true,"M":true},"402":{"a":121666529,"p":"156.21000000","q":"0.17570000","f":139514224,"l":139514224,"T":1586825454121,"m":true,"M":true},"403":{"a":121666530,"p":"156.24000000","q":"6.03659000","f":139514225,"l":139514225,"T":1586825457717,"m":false,"M":true},"404":{"a":121666531,"p":"156.28000000","q":"0.64100000","f":139514226,"l":139514226,"T":1586825458680,"m":false,"M":true},"405":{"a":121666532,"p":"156.27000000","q":"0.07820000","f":139514227,"l":139514227,"T":1586825458962,"m":true,"M":true},"406":{"a":121666533,"p":"156.27000000","q":"0.07336000","f":139514228,"l":139514228,"T":1586825459547,"m":true,"M":true},"407":{"a":121666534,"p":"156.27000000","q":"2.60000000","f":139514229,"l":139514229,"T":1586825465779,"m":true,"M":true},"408":{"a":121666535,"p":"156.21000000","q":"3.45589000","f":139514230,"l":139514230,"T":1586825466624,"m":false,"M":true},"409":{"a":121666536,"p":"156.21000000","q":"3.60009000","f":139514231,"l":139514231,"T":1586825466653,"m":false,"M":true},"410":{"a":121666537,"p":"156.22000000","q":"1.22918000","f":139514232,"l":139514232,"T":1586825466653,"m":false,"M":true},"411":{"a":121666538,"p":"156.19000000","q":"0.07652000","f":139514233,"l":139514233,"T":1586825467762,"m":true,"M":true},"412":{"a":121666539,"p":"156.19000000","q":"3.81240000","f":139514234,"l":139514234,"T":1586825468445,"m":false,"M":true},"413":{"a":121666540,"p":"156.20000000","q":"12.37519000","f":139514235,"l":139514235,"T":1586825468445,"m":false,"M":true},"414":{"a":121666541,"p":"156.17000000","q":"0.30000000","f":139514236,"l":139514236,"T":1586825469510,"m":true,"M":true},"415":{"a":121666542,"p":"156.16000000","q":"0.17100000","f":139514237,"l":139514237,"T":1586825474011,"m":false,"M":true},"416":{"a":121666543,"p":"156.13000000","q":"0.60000000","f":139514238,"l":139514238,"T":1586825474911,"m":true,"M":true},"417":{"a":121666544,"p":"156.13000000","q":"0.50000000","f":139514239,"l":139514239,"T":1586825474924,"m":true,"M":true},"418":{"a":121666545,"p":"156.15000000","q":"0.12000000","f":139514240,"l":139514240,"T":1586825476622,"m":false,"M":true},"419":{"a":121666546,"p":"156.13000000","q":"0.07651000","f":139514241,"l":139514241,"T":1586825478007,"m":true,"M":true},"420":{"a":121666547,"p":"156.16000000","q":"0.20019000","f":139514242,"l":139514242,"T":1586825478247,"m":false,"M":true},"421":{"a":121666548,"p":"156.16000000","q":"0.21022000","f":139514243,"l":139514243,"T":1586825478471,"m":false,"M":true},"422":{"a":121666549,"p":"156.16000000","q":"0.20400000","f":139514244,"l":139514244,"T":1586825481225,"m":false,"M":true},"423":{"a":121666550,"p":"156.16000000","q":"0.21400000","f":139514245,"l":139514245,"T":1586825481539,"m":false,"M":true},"424":{"a":121666551,"p":"156.14000000","q":"0.07441000","f":139514246,"l":139514246,"T":1586825488221,"m":true,"M":true},"425":{"a":121666552,"p":"156.18000000","q":"1.10595000","f":139514247,"l":139514247,"T":1586825495812,"m":true,"M":true},"426":{"a":121666553,"p":"156.19000000","q":"0.15571000","f":139514248,"l":139514248,"T":1586825496407,"m":false,"M":true},"427":{"a":121666554,"p":"156.20000000","q":"0.14753000","f":139514249,"l":139514249,"T":1586825498446,"m":false,"M":true},"428":{"a":121666555,"p":"156.19000000","q":"0.07095000","f":139514250,"l":139514250,"T":1586825498452,"m":true,"M":true},"429":{"a":121666556,"p":"156.18000000","q":"1.00000000","f":139514251,"l":139514251,"T":1586825502644,"m":true,"M":true},"430":{"a":121666557,"p":"156.19000000","q":"12.58899000","f":139514252,"l":139514253,"T":1586825507851,"m":true,"M":true},"431":{"a":121666558,"p":"156.19000000","q":"0.07751000","f":139514254,"l":139514254,"T":1586825508664,"m":true,"M":true},"432":{"a":121666559,"p":"156.19000000","q":"0.71400000","f":139514255,"l":139514255,"T":1586825508781,"m":true,"M":true},"433":{"a":121666560,"p":"156.20000000","q":"0.00372000","f":139514256,"l":139514256,"T":1586825510371,"m":false,"M":true},"434":{"a":121666561,"p":"156.26000000","q":"0.18481000","f":139514257,"l":139514257,"T":1586825510371,"m":false,"M":true},"435":{"a":121666562,"p":"156.24000000","q":"1.00000000","f":139514258,"l":139514258,"T":1586825511086,"m":false,"M":true},"436":{"a":121666563,"p":"156.22000000","q":"9.63844000","f":139514259,"l":139514260,"T":1586825511627,"m":true,"M":true},"437":{"a":121666564,"p":"156.27000000","q":"11.70837000","f":139514261,"l":139514261,"T":1586825514875,"m":false,"M":true},"438":{"a":121666565,"p":"156.27000000","q":"4.33957000","f":139514262,"l":139514262,"T":1586825514958,"m":false,"M":true},"439":{"a":121666566,"p":"156.27000000","q":"9.69613000","f":139514263,"l":139514263,"T":1586825514968,"m":false,"M":true},"440":{"a":121666567,"p":"156.27000000","q":"5.17434000","f":139514264,"l":139514264,"T":1586825514985,"m":false,"M":true},"441":{"a":121666568,"p":"156.27000000","q":"3.58704000","f":139514265,"l":139514265,"T":1586825514989,"m":false,"M":true},"442":{"a":121666569,"p":"156.27000000","q":"3.12460000","f":139514266,"l":139514266,"T":1586825514989,"m":false,"M":true},"443":{"a":121666570,"p":"156.27000000","q":"15.00000000","f":139514267,"l":139514267,"T":1586825514998,"m":false,"M":true},"444":{"a":121666571,"p":"156.27000000","q":"25.00000000","f":139514268,"l":139514268,"T":1586825515010,"m":false,"M":true},"445":{"a":121666572,"p":"156.27000000","q":"4.39327000","f":139514269,"l":139514269,"T":1586825515030,"m":false,"M":true},"446":{"a":121666573,"p":"156.27000000","q":"3.94950000","f":139514270,"l":139514270,"T":1586825515038,"m":false,"M":true},"447":{"a":121666574,"p":"156.27000000","q":"4.38379000","f":139514271,"l":139514271,"T":1586825515040,"m":false,"M":true},"448":{"a":121666575,"p":"156.27000000","q":"92.15686000","f":139514272,"l":139514272,"T":1586825515096,"m":false,"M":true},"449":{"a":121666576,"p":"156.27000000","q":"6.39481000","f":139514273,"l":139514273,"T":1586825515186,"m":false,"M":true},"450":{"a":121666577,"p":"156.27000000","q":"220.00000000","f":139514274,"l":139514274,"T":1586825515285,"m":false,"M":true},"451":{"a":121666578,"p":"156.27000000","q":"11.00000000","f":139514275,"l":139514275,"T":1586825515374,"m":false,"M":true},"452":{"a":121666579,"p":"156.27000000","q":"3.15000000","f":139514276,"l":139514276,"T":1586825515383,"m":false,"M":true},"453":{"a":121666580,"p":"156.27000000","q":"3.76932000","f":139514277,"l":139514277,"T":1586825515604,"m":false,"M":true},"454":{"a":121666581,"p":"156.27000000","q":"23.60900000","f":139514278,"l":139514278,"T":1586825515618,"m":false,"M":true},"455":{"a":121666582,"p":"156.27000000","q":"3.21376000","f":139514279,"l":139514279,"T":1586825515739,"m":false,"M":true},"456":{"a":121666583,"p":"156.27000000","q":"3.21575000","f":139514280,"l":139514280,"T":1586825516359,"m":false,"M":true},"457":{"a":121666584,"p":"156.28000000","q":"0.00010000","f":139514281,"l":139514281,"T":1586825518384,"m":false,"M":true},"458":{"a":121666585,"p":"156.30000000","q":"2.83639000","f":139514282,"l":139514282,"T":1586825518384,"m":false,"M":true},"459":{"a":121666586,"p":"156.31000000","q":"4.70051000","f":139514283,"l":139514283,"T":1586825518384,"m":false,"M":true},"460":{"a":121666587,"p":"156.31000000","q":"1.29900000","f":139514284,"l":139514284,"T":1586825518404,"m":false,"M":true},"461":{"a":121666588,"p":"156.29000000","q":"3.22844000","f":139514285,"l":139514285,"T":1586825518512,"m":true,"M":true},"462":{"a":121666589,"p":"156.31000000","q":"10.80700000","f":139514286,"l":139514287,"T":1586825518599,"m":false,"M":true},"463":{"a":121666590,"p":"156.33000000","q":"1.15700000","f":139514288,"l":139514288,"T":1586825518697,"m":false,"M":true},"464":{"a":121666591,"p":"156.33000000","q":"0.68200000","f":139514289,"l":139514289,"T":1586825518806,"m":false,"M":true},"465":{"a":121666592,"p":"156.31000000","q":"0.07320000","f":139514290,"l":139514290,"T":1586825518884,"m":true,"M":true},"466":{"a":121666593,"p":"156.34000000","q":"0.38300000","f":139514291,"l":139514291,"T":1586825522065,"m":false,"M":true},"467":{"a":121666594,"p":"156.35000000","q":"0.07658000","f":139514292,"l":139514292,"T":1586825522311,"m":true,"M":true},"468":{"a":121666595,"p":"156.35000000","q":"0.13140000","f":139514293,"l":139514293,"T":1586825523974,"m":true,"M":true},"469":{"a":121666596,"p":"156.37000000","q":"1.70700000","f":139514294,"l":139514294,"T":1586825526715,"m":false,"M":true},"470":{"a":121666597,"p":"156.37000000","q":"3.10300000","f":139514295,"l":139514295,"T":1586825527095,"m":true,"M":true},"471":{"a":121666598,"p":"156.36000000","q":"10.86293000","f":139514296,"l":139514297,"T":1586825528529,"m":true,"M":true},"472":{"a":121666599,"p":"156.36000000","q":"2.33007000","f":139514298,"l":139514298,"T":1586825528539,"m":true,"M":true},"473":{"a":121666600,"p":"156.35000000","q":"0.15733000","f":139514299,"l":139514299,"T":1586825528559,"m":true,"M":true},"474":{"a":121666601,"p":"156.30000000","q":"0.07142000","f":139514300,"l":139514300,"T":1586825529099,"m":true,"M":true},"475":{"a":121666602,"p":"156.31000000","q":"1.57600000","f":139514301,"l":139514301,"T":1586825529143,"m":false,"M":true},"476":{"a":121666603,"p":"156.32000000","q":"2.97283000","f":139514302,"l":139514302,"T":1586825529543,"m":false,"M":true},"477":{"a":121666604,"p":"156.33000000","q":"0.07100000","f":139514303,"l":139514303,"T":1586825531024,"m":false,"M":true},"478":{"a":121666605,"p":"156.31000000","q":"2.60000000","f":139514304,"l":139514304,"T":1586825532605,"m":true,"M":true},"479":{"a":121666606,"p":"156.30000000","q":"10.78600000","f":139514305,"l":139514306,"T":1586825532624,"m":true,"M":true},"480":{"a":121666607,"p":"156.30000000","q":"1.00000000","f":139514307,"l":139514307,"T":1586825532661,"m":true,"M":true},"481":{"a":121666608,"p":"156.30000000","q":"5.00000000","f":139514308,"l":139514308,"T":1586825532663,"m":true,"M":true},"482":{"a":121666609,"p":"156.30000000","q":"2.00000000","f":139514309,"l":139514309,"T":1586825532665,"m":true,"M":true},"483":{"a":121666610,"p":"156.30000000","q":"7.79908000","f":139514310,"l":139514310,"T":1586825532665,"m":true,"M":true},"484":{"a":121666611,"p":"156.30000000","q":"10.63651000","f":139514311,"l":139514311,"T":1586825532666,"m":true,"M":true},"485":{"a":121666612,"p":"156.30000000","q":"4.98654000","f":139514312,"l":139514312,"T":1586825532668,"m":true,"M":true},"486":{"a":121666613,"p":"156.30000000","q":"4.15901000","f":139514313,"l":139514313,"T":1586825532670,"m":true,"M":true},"487":{"a":121666614,"p":"156.29000000","q":"5.00000000","f":139514314,"l":139514314,"T":1586825532697,"m":true,"M":true},"488":{"a":121666615,"p":"156.29000000","q":"10.00000000","f":139514315,"l":139514315,"T":1586825532697,"m":true,"M":true},"489":{"a":121666616,"p":"156.29000000","q":"2.09650000","f":139514316,"l":139514316,"T":1586825532698,"m":true,"M":true},"490":{"a":121666617,"p":"156.29000000","q":"5.86100000","f":139514317,"l":139514317,"T":1586825532704,"m":true,"M":true},"491":{"a":121666618,"p":"156.29000000","q":"2.69615000","f":139514318,"l":139514318,"T":1586825532706,"m":true,"M":true},"492":{"a":121666619,"p":"156.29000000","q":"2.02448000","f":139514319,"l":139514319,"T":1586825532708,"m":true,"M":true},"493":{"a":121666620,"p":"156.28000000","q":"5.33894000","f":139514320,"l":139514320,"T":1586825533278,"m":false,"M":true},"494":{"a":121666621,"p":"156.29000000","q":"12.31009000","f":139514321,"l":139514321,"T":1586825533278,"m":false,"M":true},"495":{"a":121666622,"p":"156.27000000","q":"0.20900000","f":139514322,"l":139514322,"T":1586825534217,"m":true,"M":true},"496":{"a":121666623,"p":"156.25000000","q":"0.30000000","f":139514323,"l":139514323,"T":1586825535772,"m":true,"M":true},"497":{"a":121666624,"p":"156.26000000","q":"5.33900000","f":139514324,"l":139514324,"T":1586825537173,"m":true,"M":true},"498":{"a":121666625,"p":"156.26000000","q":"4.09300000","f":139514325,"l":139514325,"T":1586825537277,"m":true,"M":true},"499":{"a":121666626,"p":"156.26000000","q":"0.50000000","f":139514326,"l":139514326,"T":1586825539236,"m":true,"M":true},"500":{"a":121666627,"p":"156.25000000","q":"0.07411000","f":139514327,"l":139514327,"T":1586825539324,"m":true,"M":true},"501":{"a":121666628,"p":"156.25000000","q":"8.01760000","f":139514328,"l":139514328,"T":1586825540114,"m":true,"M":true},"502":{"a":121666629,"p":"156.25000000","q":"0.48700000","f":139514329,"l":139514330,"T":1586825543064,"m":true,"M":true},"503":{"a":121666630,"p":"156.29000000","q":"0.24760000","f":139514331,"l":139514331,"T":1586825546983,"m":false,"M":true},"504":{"a":121666631,"p":"156.26000000","q":"0.07193000","f":139514332,"l":139514332,"T":1586825549544,"m":true,"M":true},"505":{"a":121666632,"p":"156.29000000","q":"0.69720000","f":139514333,"l":139514333,"T":1586825549982,"m":false,"M":true},"506":{"a":121666633,"p":"156.36000000","q":"0.15125000","f":139514334,"l":139514334,"T":1586825558197,"m":true,"M":true},"507":{"a":121666634,"p":"156.35000000","q":"2.04179000","f":139514335,"l":139514335,"T":1586825558712,"m":true,"M":true},"508":{"a":121666635,"p":"156.38000000","q":"0.09080000","f":139514336,"l":139514336,"T":1586825558930,"m":false,"M":true},"509":{"a":121666636,"p":"156.35000000","q":"0.07126000","f":139514337,"l":139514337,"T":1586825559769,"m":true,"M":true},"510":{"a":121666637,"p":"156.35000000","q":"0.10682000","f":139514338,"l":139514338,"T":1586825564928,"m":true,"M":true},"511":{"a":121666638,"p":"156.35000000","q":"0.07065000","f":139514339,"l":139514339,"T":1586825569986,"m":true,"M":true},"512":{"a":121666639,"p":"156.35000000","q":"0.30948000","f":139514340,"l":139514340,"T":1586825570699,"m":true,"M":true},"513":{"a":121666640,"p":"156.34000000","q":"3.19795000","f":139514341,"l":139514341,"T":1586825570709,"m":true,"M":true},"514":{"a":121666641,"p":"156.34000000","q":"0.19100000","f":139514342,"l":139514342,"T":1586825570766,"m":false,"M":true},"515":{"a":121666642,"p":"156.32000000","q":"3.19836000","f":139514343,"l":139514343,"T":1586825570805,"m":true,"M":true},"516":{"a":121666643,"p":"156.31000000","q":"0.39282000","f":139514344,"l":139514344,"T":1586825571101,"m":true,"M":true},"517":{"a":121666644,"p":"156.31000000","q":"1.21711000","f":139514345,"l":139514345,"T":1586825571242,"m":true,"M":true},"518":{"a":121666645,"p":"156.30000000","q":"0.40000000","f":139514346,"l":139514346,"T":1586825571347,"m":true,"M":true},"519":{"a":121666646,"p":"156.30000000","q":"0.19600000","f":139514347,"l":139514347,"T":1586825571398,"m":false,"M":true},"520":{"a":121666647,"p":"156.28000000","q":"0.20000000","f":139514348,"l":139514348,"T":1586825571716,"m":false,"M":true},"521":{"a":121666648,"p":"156.28000000","q":"0.17500000","f":139514349,"l":139514349,"T":1586825571929,"m":false,"M":true},"522":{"a":121666649,"p":"156.28000000","q":"3.20000000","f":139514350,"l":139514350,"T":1586825572146,"m":false,"M":true},"523":{"a":121666650,"p":"156.27000000","q":"1.98200000","f":139514351,"l":139514351,"T":1586825572274,"m":false,"M":true},"524":{"a":121666651,"p":"156.27000000","q":"2.63568000","f":139514352,"l":139514352,"T":1586825572294,"m":false,"M":true},"525":{"a":121666652,"p":"156.27000000","q":"0.20700000","f":139514353,"l":139514353,"T":1586825572968,"m":false,"M":true},"526":{"a":121666653,"p":"156.27000000","q":"0.39563000","f":139514354,"l":139514354,"T":1586825573012,"m":false,"M":true},"527":{"a":121666654,"p":"156.25000000","q":"1.13400000","f":139514355,"l":139514356,"T":1586825573405,"m":true,"M":true},"528":{"a":121666655,"p":"156.26000000","q":"5.33900000","f":139514357,"l":139514357,"T":1586825573695,"m":false,"M":true},"529":{"a":121666656,"p":"156.27000000","q":"2.29400000","f":139514358,"l":139514358,"T":1586825574643,"m":false,"M":true},"530":{"a":121666657,"p":"156.26000000","q":"7.96200000","f":139514359,"l":139514360,"T":1586825575282,"m":false,"M":true},"531":{"a":121666658,"p":"156.25000000","q":"0.30000000","f":139514361,"l":139514361,"T":1586825576059,"m":true,"M":true},"532":{"a":121666659,"p":"156.25000000","q":"5.10530000","f":139514362,"l":139514362,"T":1586825576557,"m":true,"M":true},"533":{"a":121666660,"p":"156.26000000","q":"6.20600000","f":139514363,"l":139514363,"T":1586825578103,"m":false,"M":true},"534":{"a":121666661,"p":"156.28000000","q":"6.00000000","f":139514364,"l":139514364,"T":1586825579435,"m":false,"M":true},"535":{"a":121666662,"p":"156.25000000","q":"0.07057000","f":139514365,"l":139514365,"T":1586825580205,"m":true,"M":true},"536":{"a":121666663,"p":"156.27000000","q":"7.96200000","f":139514366,"l":139514366,"T":1586825580590,"m":false,"M":true},"537":{"a":121666664,"p":"156.26000000","q":"0.54450000","f":139514367,"l":139514367,"T":1586825581990,"m":false,"M":true},"538":{"a":121666665,"p":"156.25000000","q":"5.20000000","f":139514368,"l":139514368,"T":1586825582241,"m":true,"M":true},"539":{"a":121666666,"p":"156.25000000","q":"3.58200000","f":139514369,"l":139514369,"T":1586825582934,"m":true,"M":true},"540":{"a":121666667,"p":"156.25000000","q":"7.54183000","f":139514370,"l":139514370,"T":1586825582976,"m":true,"M":true},"541":{"a":121666668,"p":"156.24000000","q":"0.09960000","f":139514371,"l":139514371,"T":1586825583992,"m":false,"M":true},"542":{"a":121666669,"p":"156.25000000","q":"1.20000000","f":139514372,"l":139514372,"T":1586825584733,"m":true,"M":true},"543":{"a":121666670,"p":"156.29000000","q":"1.60032000","f":139514373,"l":139514373,"T":1586825584941,"m":false,"M":true},"544":{"a":121666671,"p":"156.29000000","q":"12.25465000","f":139514374,"l":139514374,"T":1586825584941,"m":false,"M":true},"545":{"a":121666672,"p":"156.32000000","q":"5.00000000","f":139514375,"l":139514375,"T":1586825585069,"m":false,"M":true},"546":{"a":121666673,"p":"156.32000000","q":"3.37245000","f":139514376,"l":139514378,"T":1586825585113,"m":false,"M":true},"547":{"a":121666674,"p":"156.33000000","q":"3.20031000","f":139514379,"l":139514379,"T":1586825585123,"m":false,"M":true},"548":{"a":121666675,"p":"156.37000000","q":"0.09377000","f":139514380,"l":139514380,"T":1586825585774,"m":false,"M":true},"549":{"a":121666676,"p":"156.37000000","q":"2.00000000","f":139514381,"l":139514381,"T":1586825586039,"m":false,"M":true},"550":{"a":121666677,"p":"156.37000000","q":"3.19836000","f":139514382,"l":139514382,"T":1586825586134,"m":false,"M":true},"551":{"a":121666678,"p":"156.37000000","q":"0.70787000","f":139514383,"l":139514383,"T":1586825586135,"m":false,"M":true},"552":{"a":121666679,"p":"156.39000000","q":"25.69508000","f":139514384,"l":139514385,"T":1586825586365,"m":false,"M":true},"553":{"a":121666680,"p":"156.40000000","q":"0.51475000","f":139514386,"l":139514388,"T":1586825586462,"m":false,"M":true},"554":{"a":121666681,"p":"156.39000000","q":"0.13439000","f":139514389,"l":139514389,"T":1586825586503,"m":true,"M":true},"555":{"a":121666682,"p":"156.41000000","q":"0.73000000","f":139514390,"l":139514390,"T":1586825586762,"m":false,"M":true},"556":{"a":121666683,"p":"156.41000000","q":"4.88908000","f":139514391,"l":139514391,"T":1586825586929,"m":true,"M":true},"557":{"a":121666684,"p":"156.41000000","q":"0.08000000","f":139514392,"l":139514392,"T":1586825586986,"m":true,"M":true},"558":{"a":121666685,"p":"156.41000000","q":"0.36525000","f":139514393,"l":139514393,"T":1586825587190,"m":true,"M":true},"559":{"a":121666686,"p":"156.42000000","q":"4.81942000","f":139514394,"l":139514394,"T":1586825587219,"m":false,"M":true},"560":{"a":121666687,"p":"156.41000000","q":"5.63475000","f":139514395,"l":139514395,"T":1586825587372,"m":true,"M":true},"561":{"a":121666688,"p":"156.43000000","q":"2.27507000","f":139514396,"l":139514396,"T":1586825587473,"m":false,"M":true},"562":{"a":121666689,"p":"156.44000000","q":"6.00000000","f":139514397,"l":139514397,"T":1586825587484,"m":false,"M":true},"563":{"a":121666690,"p":"156.44000000","q":"0.09775000","f":139514398,"l":139514398,"T":1586825587676,"m":true,"M":true},"564":{"a":121666691,"p":"156.44000000","q":"0.33472000","f":139514399,"l":139514399,"T":1586825587747,"m":true,"M":true},"565":{"a":121666692,"p":"156.45000000","q":"6.56800000","f":139514400,"l":139514400,"T":1586825587794,"m":false,"M":true},"566":{"a":121666693,"p":"156.44000000","q":"39.69713000","f":139514401,"l":139514402,"T":1586825587939,"m":true,"M":true},"567":{"a":121666694,"p":"156.46000000","q":"4.45300000","f":139514403,"l":139514404,"T":1586825588015,"m":false,"M":true},"568":{"a":121666695,"p":"156.45000000","q":"2.60000000","f":139514405,"l":139514405,"T":1586825588293,"m":true,"M":true},"569":{"a":121666696,"p":"156.43000000","q":"2.60000000","f":139514406,"l":139514406,"T":1586825588339,"m":true,"M":true},"570":{"a":121666697,"p":"156.43000000","q":"5.00000000","f":139514407,"l":139514407,"T":1586825588352,"m":true,"M":true},"571":{"a":121666698,"p":"156.43000000","q":"20.00000000","f":139514408,"l":139514408,"T":1586825588355,"m":true,"M":true},"572":{"a":121666699,"p":"156.43000000","q":"2.27598000","f":139514409,"l":139514409,"T":1586825588356,"m":true,"M":true},"573":{"a":121666700,"p":"156.43000000","q":"1.10380000","f":139514410,"l":139514410,"T":1586825588364,"m":true,"M":true},"574":{"a":121666701,"p":"156.46000000","q":"0.07932000","f":139514411,"l":139514411,"T":1586825588617,"m":false,"M":true},"575":{"a":121666702,"p":"156.44000000","q":"3.40000000","f":139514412,"l":139514412,"T":1586825588831,"m":true,"M":true},"576":{"a":121666703,"p":"156.47000000","q":"0.07240000","f":139514413,"l":139514413,"T":1586825589303,"m":true,"M":true},"577":{"a":121666704,"p":"156.46000000","q":"0.28561000","f":139514414,"l":139514414,"T":1586825589686,"m":false,"M":true},"578":{"a":121666705,"p":"156.45000000","q":"0.07094000","f":139514415,"l":139514415,"T":1586825590426,"m":false,"M":true},"579":{"a":121666706,"p":"156.44000000","q":"2.60000000","f":139514416,"l":139514416,"T":1586825590649,"m":true,"M":true},"580":{"a":121666707,"p":"156.43000000","q":"2.40000000","f":139514417,"l":139514417,"T":1586825590649,"m":true,"M":true},"581":{"a":121666708,"p":"156.45000000","q":"0.14560000","f":139514418,"l":139514418,"T":1586825591034,"m":true,"M":true},"582":{"a":121666709,"p":"156.45000000","q":"0.77500000","f":139514419,"l":139514419,"T":1586825591370,"m":true,"M":true},"583":{"a":121666710,"p":"156.44000000","q":"2.60000000","f":139514420,"l":139514420,"T":1586825593684,"m":true,"M":true},"584":{"a":121666711,"p":"156.44000000","q":"5.33331000","f":139514421,"l":139514421,"T":1586825593750,"m":false,"M":true},"585":{"a":121666712,"p":"156.45000000","q":"4.08331000","f":139514422,"l":139514422,"T":1586825593750,"m":false,"M":true},"586":{"a":121666713,"p":"156.45000000","q":"5.33200000","f":139514423,"l":139514423,"T":1586825593994,"m":true,"M":true},"587":{"a":121666714,"p":"156.46000000","q":"5.33200000","f":139514424,"l":139514424,"T":1586825594185,"m":true,"M":true},"588":{"a":121666715,"p":"156.45000000","q":"5.33200000","f":139514425,"l":139514425,"T":1586825594499,"m":true,"M":true},"589":{"a":121666716,"p":"156.45000000","q":"5.00000000","f":139514426,"l":139514426,"T":1586825596600,"m":true,"M":true},"590":{"a":121666717,"p":"156.45000000","q":"1.20600000","f":139514427,"l":139514427,"T":1586825596616,"m":true,"M":true},"591":{"a":121666718,"p":"156.43000000","q":"0.63743000","f":139514428,"l":139514428,"T":1586825597179,"m":true,"M":true},"592":{"a":121666719,"p":"156.45000000","q":"2.35471000","f":139514429,"l":139514429,"T":1586825598896,"m":false,"M":true},"593":{"a":121666720,"p":"156.43000000","q":"1.96257000","f":139514430,"l":139514430,"T":1586825599423,"m":true,"M":true},"594":{"a":121666721,"p":"156.42000000","q":"1.77933000","f":139514431,"l":139514431,"T":1586825599423,"m":true,"M":true},"595":{"a":121666722,"p":"156.43000000","q":"0.07084000","f":139514432,"l":139514432,"T":1586825599655,"m":false,"M":true},"596":{"a":121666723,"p":"156.43000000","q":"4.92916000","f":139514433,"l":139514433,"T":1586825599694,"m":false,"M":true},"597":{"a":121666724,"p":"156.47000000","q":"0.07590000","f":139514434,"l":139514434,"T":1586825600638,"m":false,"M":true},"598":{"a":121666725,"p":"156.48000000","q":"0.24119000","f":139514435,"l":139514435,"T":1586825601934,"m":false,"M":true},"599":{"a":121666726,"p":"156.45000000","q":"0.58830000","f":139514436,"l":139514436,"T":1586825602470,"m":false,"M":true},"600":{"a":121666727,"p":"156.44000000","q":"2.27138000","f":139514437,"l":139514437,"T":1586825604716,"m":true,"M":true},"601":{"a":121666728,"p":"156.44000000","q":"5.00000000","f":139514438,"l":139514438,"T":1586825605577,"m":true,"M":true},"602":{"a":121666729,"p":"156.44000000","q":"2.60000000","f":139514439,"l":139514439,"T":1586825608484,"m":true,"M":true},"603":{"a":121666730,"p":"156.48000000","q":"0.07097000","f":139514440,"l":139514440,"T":1586825608852,"m":false,"M":true},"604":{"a":121666731,"p":"156.45000000","q":"5.00000000","f":139514441,"l":139514441,"T":1586825611403,"m":true,"M":true},"605":{"a":121666732,"p":"156.45000000","q":"1.01040000","f":139514442,"l":139514442,"T":1586825612868,"m":false,"M":true},"606":{"a":121666733,"p":"156.45000000","q":"4.32308000","f":139514443,"l":139514443,"T":1586825612886,"m":false,"M":true},"607":{"a":121666734,"p":"156.46000000","q":"1.23167000","f":139514444,"l":139514444,"T":1586825612886,"m":false,"M":true},"608":{"a":121666735,"p":"156.43000000","q":"2.80900000","f":139514445,"l":139514445,"T":1586825614305,"m":true,"M":true},"609":{"a":121666736,"p":"156.42000000","q":"0.19620000","f":139514446,"l":139514446,"T":1586825616313,"m":false,"M":true},"610":{"a":121666737,"p":"156.42000000","q":"0.07234000","f":139514447,"l":139514447,"T":1586825619086,"m":false,"M":true},"611":{"a":121666738,"p":"156.42000000","q":"0.07892000","f":139514448,"l":139514448,"T":1586825620710,"m":false,"M":true},"612":{"a":121666739,"p":"156.42000000","q":"0.61000000","f":139514449,"l":139514449,"T":1586825620842,"m":true,"M":true},"613":{"a":121666740,"p":"156.43000000","q":"0.50000000","f":139514450,"l":139514450,"T":1586825626236,"m":true,"M":true},"614":{"a":121666741,"p":"156.43000000","q":"0.39800000","f":139514451,"l":139514451,"T":1586825626378,"m":true,"M":true},"615":{"a":121666742,"p":"156.43000000","q":"7.95500000","f":139514452,"l":139514453,"T":1586825626490,"m":true,"M":true},"616":{"a":121666743,"p":"156.43000000","q":"7.95500000","f":139514454,"l":139514454,"T":1586825626577,"m":true,"M":true},"617":{"a":121666744,"p":"156.44000000","q":"0.07070000","f":139514455,"l":139514455,"T":1586825629299,"m":false,"M":true},"618":{"a":121666745,"p":"156.43000000","q":"22.17300000","f":139514456,"l":139514456,"T":1586825632333,"m":true,"M":true},"619":{"a":121666746,"p":"156.43000000","q":"21.60000000","f":139514457,"l":139514457,"T":1586825632410,"m":true,"M":true},"620":{"a":121666747,"p":"156.43000000","q":"19.88800000","f":139514458,"l":139514458,"T":1586825632528,"m":true,"M":true},"621":{"a":121666748,"p":"156.43000000","q":"2.50300000","f":139514459,"l":139514459,"T":1586825632620,"m":true,"M":true},"622":{"a":121666749,"p":"156.42000000","q":"5.79600000","f":139514460,"l":139514462,"T":1586825632723,"m":true,"M":true},"623":{"a":121666750,"p":"156.42000000","q":"22.22500000","f":139514463,"l":139514464,"T":1586825633044,"m":true,"M":true},"624":{"a":121666751,"p":"156.43000000","q":"0.14119000","f":139514465,"l":139514465,"T":1586825633141,"m":false,"M":true},"625":{"a":121666752,"p":"156.42000000","q":"0.13400000","f":139514466,"l":139514466,"T":1586825633472,"m":true,"M":true},"626":{"a":121666753,"p":"156.42000000","q":"3.19600000","f":139514467,"l":139514467,"T":1586825633831,"m":true,"M":true},"627":{"a":121666754,"p":"156.41000000","q":"5.97400000","f":139514468,"l":139514470,"T":1586825633995,"m":true,"M":true},"628":{"a":121666755,"p":"156.41000000","q":"0.87500000","f":139514471,"l":139514472,"T":1586825635974,"m":true,"M":true},"629":{"a":121666756,"p":"156.39000000","q":"0.71700000","f":139514473,"l":139514473,"T":1586825637018,"m":true,"M":true},"630":{"a":121666757,"p":"156.42000000","q":"0.07191000","f":139514474,"l":139514474,"T":1586825639521,"m":false,"M":true},"631":{"a":121666758,"p":"156.37000000","q":"0.21100000","f":139514475,"l":139514475,"T":1586825640836,"m":true,"M":true},"632":{"a":121666759,"p":"156.37000000","q":"1.23400000","f":139514476,"l":139514476,"T":1586825640987,"m":true,"M":true},"633":{"a":121666760,"p":"156.37000000","q":"18.52200000","f":139514477,"l":139514478,"T":1586825641031,"m":true,"M":true},"634":{"a":121666761,"p":"156.37000000","q":"0.00012000","f":139514479,"l":139514479,"T":1586825646008,"m":true,"M":true},"635":{"a":121666762,"p":"156.35000000","q":"20.59588000","f":139514480,"l":139514480,"T":1586825646008,"m":true,"M":true},"636":{"a":121666763,"p":"156.35000000","q":"3.35000000","f":139514481,"l":139514481,"T":1586825647663,"m":true,"M":true},"637":{"a":121666764,"p":"156.35000000","q":"0.41750000","f":139514482,"l":139514482,"T":1586825649046,"m":true,"M":true},"638":{"a":121666765,"p":"156.37000000","q":"0.07047000","f":139514483,"l":139514483,"T":1586825649743,"m":false,"M":true},"639":{"a":121666766,"p":"156.35000000","q":"0.12320000","f":139514484,"l":139514484,"T":1586825651236,"m":true,"M":true},"640":{"a":121666767,"p":"156.37000000","q":"0.07674000","f":139514485,"l":139514485,"T":1586825651405,"m":false,"M":true},"641":{"a":121666768,"p":"156.35000000","q":"0.27274000","f":139514486,"l":139514486,"T":1586825651899,"m":true,"M":true},"642":{"a":121666769,"p":"156.37000000","q":"1.11258000","f":139514487,"l":139514487,"T":1586825651921,"m":false,"M":true},"643":{"a":121666770,"p":"156.37000000","q":"1.11030000","f":139514488,"l":139514488,"T":1586825652799,"m":false,"M":true},"644":{"a":121666771,"p":"156.35000000","q":"22.22000000","f":139514489,"l":139514489,"T":1586825654782,"m":true,"M":true},"645":{"a":121666772,"p":"156.35000000","q":"0.14000000","f":139514490,"l":139514490,"T":1586825654990,"m":true,"M":true},"646":{"a":121666773,"p":"156.35000000","q":"0.15900000","f":139514491,"l":139514491,"T":1586825655917,"m":true,"M":true},"647":{"a":121666774,"p":"156.35000000","q":"0.65600000","f":139514492,"l":139514492,"T":1586825656140,"m":true,"M":true},"648":{"a":121666775,"p":"156.37000000","q":"4.07755000","f":139514493,"l":139514493,"T":1586825658052,"m":false,"M":true},"649":{"a":121666776,"p":"156.42000000","q":"0.07255000","f":139514494,"l":139514494,"T":1586825659973,"m":false,"M":true},"650":{"a":121666777,"p":"156.39000000","q":"0.78300000","f":139514495,"l":139514495,"T":1586825660145,"m":true,"M":true},"651":{"a":121666778,"p":"156.36000000","q":"2.60000000","f":139514496,"l":139514496,"T":1586825661082,"m":true,"M":true},"652":{"a":121666779,"p":"156.35000000","q":"0.09700000","f":139514497,"l":139514497,"T":1586825663411,"m":true,"M":true},"653":{"a":121666780,"p":"156.35000000","q":"0.18500000","f":139514498,"l":139514498,"T":1586825663532,"m":true,"M":true},"654":{"a":121666781,"p":"156.35000000","q":"0.57394000","f":139514499,"l":139514499,"T":1586825669091,"m":true,"M":true},"655":{"a":121666782,"p":"156.36000000","q":"0.07493000","f":139514500,"l":139514500,"T":1586825670190,"m":false,"M":true},"656":{"a":121666783,"p":"156.35000000","q":"5.33100000","f":139514501,"l":139514503,"T":1586825670245,"m":true,"M":true},"657":{"a":121666784,"p":"156.32000000","q":"3.58829000","f":139514504,"l":139514504,"T":1586825678297,"m":true,"M":true},"658":{"a":121666785,"p":"156.34000000","q":"0.15126000","f":139514505,"l":139514505,"T":1586825679835,"m":false,"M":true},"659":{"a":121666786,"p":"156.36000000","q":"0.07610000","f":139514506,"l":139514506,"T":1586825680406,"m":false,"M":true},"660":{"a":121666787,"p":"156.34000000","q":"0.16000000","f":139514507,"l":139514508,"T":1586825685454,"m":true,"M":true},"661":{"a":121666788,"p":"156.35000000","q":"3.65425000","f":139514509,"l":139514509,"T":1586825688547,"m":false,"M":true},"662":{"a":121666789,"p":"156.42000000","q":"0.07455000","f":139514510,"l":139514510,"T":1586825690620,"m":false,"M":true},"663":{"a":121666790,"p":"156.40000000","q":"2.60000000","f":139514511,"l":139514511,"T":1586825695561,"m":true,"M":true},"664":{"a":121666791,"p":"156.40000000","q":"8.00000000","f":139514512,"l":139514512,"T":1586825695851,"m":false,"M":true},"665":{"a":121666792,"p":"156.40000000","q":"9.40000000","f":139514513,"l":139514513,"T":1586825695867,"m":false,"M":true},"666":{"a":121666793,"p":"156.42000000","q":"0.18400000","f":139514514,"l":139514514,"T":1586825696429,"m":false,"M":true},"667":{"a":121666794,"p":"156.41000000","q":"0.91580000","f":139514515,"l":139514515,"T":1586825700112,"m":true,"M":true},"668":{"a":121666795,"p":"156.41000000","q":"1.68420000","f":139514516,"l":139514516,"T":1586825700135,"m":true,"M":true},"669":{"a":121666796,"p":"156.40000000","q":"0.06457000","f":139514517,"l":139514517,"T":1586825700135,"m":true,"M":true},"670":{"a":121666797,"p":"156.38000000","q":"4.04227000","f":139514518,"l":139514518,"T":1586825700135,"m":true,"M":true},"671":{"a":121666798,"p":"156.37000000","q":"0.13706000","f":139514519,"l":139514519,"T":1586825700408,"m":false,"M":true},"672":{"a":121666799,"p":"156.36000000","q":"0.12700000","f":139514520,"l":139514520,"T":1586825700429,"m":false,"M":true},"673":{"a":121666800,"p":"156.35000000","q":"0.13232000","f":139514521,"l":139514521,"T":1586825700565,"m":false,"M":true},"674":{"a":121666801,"p":"156.33000000","q":"0.93418000","f":139514522,"l":139514522,"T":1586825700774,"m":false,"M":true},"675":{"a":121666802,"p":"156.33000000","q":"0.00017000","f":139514523,"l":139514523,"T":1586825700838,"m":false,"M":true},"676":{"a":121666803,"p":"156.34000000","q":"0.07517000","f":139514524,"l":139514524,"T":1586825700838,"m":false,"M":true},"677":{"a":121666804,"p":"156.34000000","q":"2.60535000","f":139514525,"l":139514525,"T":1586825700849,"m":false,"M":true},"678":{"a":121666805,"p":"156.34000000","q":"3.08892000","f":139514526,"l":139514527,"T":1586825700991,"m":false,"M":true},"679":{"a":121666806,"p":"156.33000000","q":"0.10030000","f":139514528,"l":139514528,"T":1586825702211,"m":true,"M":true},"680":{"a":121666807,"p":"156.33000000","q":"5.00000000","f":139514529,"l":139514529,"T":1586825705220,"m":false,"M":true},"681":{"a":121666808,"p":"156.33000000","q":"0.06507000","f":139514530,"l":139514530,"T":1586825705568,"m":false,"M":true},"682":{"a":121666809,"p":"156.30000000","q":"0.07612000","f":139514531,"l":139514531,"T":1586825711063,"m":false,"M":true},"683":{"a":121666810,"p":"156.29000000","q":"5.33860000","f":139514532,"l":139514532,"T":1586825716675,"m":false,"M":true},"684":{"a":121666811,"p":"156.30000000","q":"0.36571000","f":139514533,"l":139514533,"T":1586825718031,"m":false,"M":true},"685":{"a":121666812,"p":"156.30000000","q":"2.90943000","f":139514534,"l":139514534,"T":1586825720402,"m":false,"M":true},"686":{"a":121666813,"p":"156.32000000","q":"7.45686000","f":139514535,"l":139514536,"T":1586825720402,"m":false,"M":true},"687":{"a":121666814,"p":"156.33000000","q":"1.59952000","f":139514537,"l":139514537,"T":1586825720402,"m":false,"M":true},"688":{"a":121666815,"p":"156.34000000","q":"48.03419000","f":139514538,"l":139514538,"T":1586825720402,"m":false,"M":true},"689":{"a":121666816,"p":"156.36000000","q":"0.07570000","f":139514539,"l":139514539,"T":1586825721278,"m":false,"M":true},"690":{"a":121666817,"p":"156.36000000","q":"0.47826000","f":139514540,"l":139514540,"T":1586825730160,"m":true,"M":true},"691":{"a":121666818,"p":"156.39000000","q":"0.16600000","f":139514541,"l":139514541,"T":1586825730295,"m":false,"M":true},"692":{"a":121666819,"p":"156.39000000","q":"0.07435000","f":139514542,"l":139514542,"T":1586825731704,"m":false,"M":true},"693":{"a":121666820,"p":"156.36000000","q":"8.31700000","f":139514543,"l":139514543,"T":1586825732926,"m":false,"M":true},"694":{"a":121666821,"p":"156.32000000","q":"1.43000000","f":139514544,"l":139514544,"T":1586825734725,"m":false,"M":true},"695":{"a":121666822,"p":"156.32000000","q":"0.63700000","f":139514545,"l":139514545,"T":1586825735257,"m":false,"M":true},"696":{"a":121666823,"p":"156.32000000","q":"0.89100000","f":139514546,"l":139514546,"T":1586825737896,"m":false,"M":true},"697":{"a":121666824,"p":"156.32000000","q":"0.15100000","f":139514547,"l":139514547,"T":1586825738541,"m":false,"M":true},"698":{"a":121666825,"p":"156.32000000","q":"0.00025000","f":139514548,"l":139514548,"T":1586825740466,"m":false,"M":true},"699":{"a":121666826,"p":"156.32000000","q":"0.08930000","f":139514549,"l":139514549,"T":1586825740556,"m":true,"M":true},"700":{"a":121666827,"p":"156.29000000","q":"0.08000000","f":139514550,"l":139514550,"T":1586825740803,"m":true,"M":true},"701":{"a":121666828,"p":"156.29000000","q":"2.74518000","f":139514551,"l":139514551,"T":1586825741062,"m":true,"M":true},"702":{"a":121666829,"p":"156.32000000","q":"0.07701000","f":139514552,"l":139514552,"T":1586825741964,"m":false,"M":true},"703":{"a":121666830,"p":"156.32000000","q":"1.51079000","f":139514553,"l":139514553,"T":1586825743574,"m":false,"M":true},"704":{"a":121666831,"p":"156.32000000","q":"0.07287000","f":139514554,"l":139514554,"T":1586825752139,"m":false,"M":true},"705":{"a":121666832,"p":"156.26000000","q":"4.79669000","f":139514555,"l":139514555,"T":1586825754989,"m":true,"M":true},"706":{"a":121666833,"p":"156.25000000","q":"2.60000000","f":139514556,"l":139514556,"T":1586825754989,"m":true,"M":true},"707":{"a":121666834,"p":"156.24000000","q":"1.92012000","f":139514557,"l":139514557,"T":1586825755120,"m":true,"M":true},"708":{"a":121666835,"p":"156.23000000","q":"5.30068000","f":139514558,"l":139514558,"T":1586825755241,"m":true,"M":true},"709":{"a":121666836,"p":"156.23000000","q":"3.39203000","f":139514559,"l":139514560,"T":1586825755242,"m":true,"M":true},"710":{"a":121666837,"p":"156.23000000","q":"2.06276000","f":139514561,"l":139514561,"T":1586825755258,"m":true,"M":true},"711":{"a":121666838,"p":"156.23000000","q":"0.56200000","f":139514562,"l":139514562,"T":1586825755311,"m":true,"M":true},"712":{"a":121666839,"p":"156.23000000","q":"3.50697000","f":139514563,"l":139514564,"T":1586825755312,"m":true,"M":true},"713":{"a":121666840,"p":"156.22000000","q":"6.87538000","f":139514565,"l":139514565,"T":1586825755399,"m":true,"M":true},"714":{"a":121666841,"p":"156.21000000","q":"33.59199000","f":139514566,"l":139514568,"T":1586825755474,"m":true,"M":true},"715":{"a":121666842,"p":"156.20000000","q":"9.36289000","f":139514569,"l":139514570,"T":1586825755474,"m":true,"M":true},"716":{"a":121666843,"p":"156.19000000","q":"6.00000000","f":139514571,"l":139514571,"T":1586825755626,"m":true,"M":true},"717":{"a":121666844,"p":"156.19000000","q":"2.67468000","f":139514572,"l":139514572,"T":1586825755841,"m":false,"M":true},"718":{"a":121666845,"p":"156.16000000","q":"109.09097000","f":139514573,"l":139514574,"T":1586825756089,"m":true,"M":true},"719":{"a":121666846,"p":"156.18000000","q":"2.07159000","f":139514575,"l":139514575,"T":1586825756142,"m":false,"M":true},"720":{"a":121666847,"p":"156.18000000","q":"0.08000000","f":139514576,"l":139514576,"T":1586825756149,"m":false,"M":true},"721":{"a":121666848,"p":"156.15000000","q":"1.92122000","f":139514577,"l":139514577,"T":1586825756582,"m":true,"M":true},"722":{"a":121666849,"p":"156.15000000","q":"0.07240000","f":139514578,"l":139514578,"T":1586825757014,"m":false,"M":true},"723":{"a":121666850,"p":"156.14000000","q":"0.18276000","f":139514579,"l":139514579,"T":1586825757264,"m":false,"M":true},"724":{"a":121666851,"p":"156.14000000","q":"21.43124000","f":139514580,"l":139514581,"T":1586825757574,"m":false,"M":true},"725":{"a":121666852,"p":"156.17000000","q":"8.75553000","f":139514582,"l":139514582,"T":1586825757599,"m":false,"M":true},"726":{"a":121666853,"p":"156.18000000","q":"4.92916000","f":139514583,"l":139514583,"T":1586825757901,"m":true,"M":true},"727":{"a":121666854,"p":"156.20000000","q":"1.25500000","f":139514584,"l":139514584,"T":1586825758153,"m":false,"M":true},"728":{"a":121666855,"p":"156.13000000","q":"4.03400000","f":139514585,"l":139514585,"T":1586825759078,"m":true,"M":true},"729":{"a":121666856,"p":"156.13000000","q":"0.00024000","f":139514586,"l":139514586,"T":1586825759616,"m":true,"M":true},"730":{"a":121666857,"p":"156.11000000","q":"0.29976000","f":139514587,"l":139514587,"T":1586825759616,"m":true,"M":true},"731":{"a":121666858,"p":"156.13000000","q":"0.20500000","f":139514588,"l":139514588,"T":1586825760490,"m":false,"M":true},"732":{"a":121666859,"p":"156.13000000","q":"0.51600000","f":139514589,"l":139514589,"T":1586825760590,"m":false,"M":true},"733":{"a":121666860,"p":"156.13000000","q":"0.46800000","f":139514590,"l":139514590,"T":1586825760796,"m":false,"M":true},"734":{"a":121666861,"p":"156.12000000","q":"6.00000000","f":139514591,"l":139514591,"T":1586825761437,"m":false,"M":true},"735":{"a":121666862,"p":"156.12000000","q":"0.13400000","f":139514592,"l":139514592,"T":1586825761839,"m":false,"M":true},"736":{"a":121666863,"p":"156.12000000","q":"0.24900000","f":139514593,"l":139514593,"T":1586825761951,"m":false,"M":true},"737":{"a":121666864,"p":"156.11000000","q":"0.65600000","f":139514594,"l":139514594,"T":1586825762165,"m":false,"M":true},"738":{"a":121666865,"p":"156.08000000","q":"0.07538000","f":139514595,"l":139514595,"T":1586825762374,"m":true,"M":true},"739":{"a":121666866,"p":"156.07000000","q":"0.30000000","f":139514596,"l":139514596,"T":1586825762627,"m":true,"M":true},"740":{"a":121666867,"p":"156.10000000","q":"0.10000000","f":139514597,"l":139514597,"T":1586825763037,"m":false,"M":true},"741":{"a":121666868,"p":"156.10000000","q":"8.54600000","f":139514598,"l":139514598,"T":1586825763207,"m":false,"M":true},"742":{"a":121666869,"p":"156.08000000","q":"4.00000000","f":139514599,"l":139514599,"T":1586825764490,"m":false,"M":true},"743":{"a":121666870,"p":"156.09000000","q":"13.74300000","f":139514600,"l":139514601,"T":1586825764601,"m":false,"M":true},"744":{"a":121666871,"p":"156.08000000","q":"0.30000000","f":139514602,"l":139514602,"T":1586825765629,"m":true,"M":true},"745":{"a":121666872,"p":"156.09000000","q":"0.00058000","f":139514603,"l":139514603,"T":1586825766217,"m":false,"M":true},"746":{"a":121666873,"p":"156.13000000","q":"0.12756000","f":139514604,"l":139514604,"T":1586825766217,"m":false,"M":true},"747":{"a":121666874,"p":"156.13000000","q":"4.38200000","f":139514605,"l":139514605,"T":1586825766281,"m":false,"M":true},"748":{"a":121666875,"p":"156.11000000","q":"1.60680000","f":139514606,"l":139514606,"T":1586825766442,"m":true,"M":true},"749":{"a":121666876,"p":"156.07000000","q":"0.30000000","f":139514607,"l":139514607,"T":1586825768646,"m":true,"M":true},"750":{"a":121666877,"p":"156.08000000","q":"0.14050000","f":139514608,"l":139514608,"T":1586825768813,"m":false,"M":true},"751":{"a":121666878,"p":"156.06000000","q":"0.30000000","f":139514609,"l":139514609,"T":1586825771644,"m":true,"M":true},"752":{"a":121666879,"p":"156.07000000","q":"1.23767000","f":139514610,"l":139514610,"T":1586825772076,"m":false,"M":true},"753":{"a":121666880,"p":"156.06000000","q":"0.07738000","f":139514611,"l":139514611,"T":1586825772628,"m":true,"M":true},"754":{"a":121666881,"p":"156.07000000","q":"1.37400000","f":139514612,"l":139514612,"T":1586825772801,"m":false,"M":true},"755":{"a":121666882,"p":"156.08000000","q":"1.83700000","f":139514613,"l":139514613,"T":1586825772914,"m":false,"M":true},"756":{"a":121666883,"p":"156.06000000","q":"0.26133000","f":139514614,"l":139514614,"T":1586825774649,"m":true,"M":true},"757":{"a":121666884,"p":"156.05000000","q":"0.03867000","f":139514615,"l":139514615,"T":1586825774649,"m":true,"M":true},"758":{"a":121666885,"p":"156.06000000","q":"5.34629000","f":139514616,"l":139514616,"T":1586825774730,"m":false,"M":true},"759":{"a":121666886,"p":"156.07000000","q":"5.38200000","f":139514617,"l":139514617,"T":1586825774821,"m":false,"M":true},"760":{"a":121666887,"p":"156.07000000","q":"2.20900000","f":139514618,"l":139514618,"T":1586825774914,"m":false,"M":true},"761":{"a":121666888,"p":"156.06000000","q":"0.15571000","f":139514619,"l":139514619,"T":1586825774967,"m":true,"M":true},"762":{"a":121666889,"p":"156.06000000","q":"0.65371000","f":139514620,"l":139514620,"T":1586825777091,"m":false,"M":true},"763":{"a":121666890,"p":"156.06000000","q":"0.65371000","f":139514621,"l":139514621,"T":1586825777129,"m":false,"M":true},"764":{"a":121666891,"p":"156.06000000","q":"0.12200000","f":139514622,"l":139514622,"T":1586825777239,"m":false,"M":true},"765":{"a":121666892,"p":"156.04000000","q":"0.30000000","f":139514623,"l":139514623,"T":1586825777652,"m":true,"M":true},"766":{"a":121666893,"p":"156.04000000","q":"3.87520000","f":139514624,"l":139514624,"T":1586825784580,"m":true,"M":true},"767":{"a":121666894,"p":"156.04000000","q":"0.08800000","f":139514625,"l":139514625,"T":1586825784678,"m":false,"M":true},"768":{"a":121666895,"p":"156.04000000","q":"10.32700000","f":139514626,"l":139514627,"T":1586825784773,"m":false,"M":true},"769":{"a":121666896,"p":"156.04000000","q":"3.18700000","f":139514628,"l":139514628,"T":1586825785400,"m":false,"M":true},"770":{"a":121666897,"p":"156.04000000","q":"0.51300000","f":139514629,"l":139514629,"T":1586825786339,"m":false,"M":true},"771":{"a":121666898,"p":"156.03000000","q":"0.08407000","f":139514630,"l":139514630,"T":1586825786804,"m":false,"M":true},"772":{"a":121666899,"p":"156.03000000","q":"11.00497000","f":139514631,"l":139514632,"T":1586825786871,"m":false,"M":true},"773":{"a":121666900,"p":"156.03000000","q":"0.34132000","f":139514633,"l":139514633,"T":1586825786992,"m":false,"M":true},"774":{"a":121666901,"p":"156.03000000","q":"1.60200000","f":139514634,"l":139514634,"T":1586825789227,"m":false,"M":true},"775":{"a":121666902,"p":"156.04000000","q":"4.39600000","f":139514635,"l":139514635,"T":1586825789554,"m":false,"M":true},"776":{"a":121666903,"p":"156.06000000","q":"0.45700000","f":139514636,"l":139514636,"T":1586825790174,"m":false,"M":true},"777":{"a":121666904,"p":"156.06000000","q":"2.19586000","f":139514637,"l":139514637,"T":1586825792476,"m":false,"M":true},"778":{"a":121666905,"p":"156.04000000","q":"0.07101000","f":139514638,"l":139514638,"T":1586825795243,"m":true,"M":true},"779":{"a":121666906,"p":"156.01000000","q":"1.00000000","f":139514639,"l":139514639,"T":1586825795732,"m":true,"M":true},"780":{"a":121666907,"p":"156.05000000","q":"0.15126000","f":139514640,"l":139514640,"T":1586825798206,"m":true,"M":true},"781":{"a":121666908,"p":"156.07000000","q":"2.60132000","f":139514641,"l":139514641,"T":1586825801585,"m":false,"M":true},"782":{"a":121666909,"p":"156.05000000","q":"0.07571000","f":139514642,"l":139514642,"T":1586825803469,"m":true,"M":true},"783":{"a":121666910,"p":"156.01000000","q":"0.07111000","f":139514643,"l":139514643,"T":1586825811695,"m":true,"M":true},"784":{"a":121666911,"p":"156.00000000","q":"6.74829000","f":139514644,"l":139514649,"T":1586825812565,"m":true,"M":true},"785":{"a":121666912,"p":"156.00000000","q":"3.47430000","f":139514650,"l":139514650,"T":1586825812565,"m":true,"M":true},"786":{"a":121666913,"p":"156.00000000","q":"2.07833000","f":139514651,"l":139514652,"T":1586825812568,"m":true,"M":true},"787":{"a":121666914,"p":"155.95000000","q":"0.19000000","f":139514653,"l":139514653,"T":1586825814478,"m":true,"M":true},"788":{"a":121666915,"p":"155.95000000","q":"8.48700000","f":139514654,"l":139514654,"T":1586825814756,"m":true,"M":true},"789":{"a":121666916,"p":"155.95000000","q":"8.20100000","f":139514655,"l":139514655,"T":1586825814769,"m":true,"M":true},"790":{"a":121666917,"p":"155.95000000","q":"0.15100000","f":139514656,"l":139514656,"T":1586825815058,"m":true,"M":true},"791":{"a":121666918,"p":"155.95000000","q":"0.12119000","f":139514657,"l":139514657,"T":1586825815237,"m":true,"M":true},"792":{"a":121666919,"p":"155.96000000","q":"0.11680000","f":139514658,"l":139514658,"T":1586825815543,"m":false,"M":true},"793":{"a":121666920,"p":"155.95000000","q":"0.18100000","f":139514659,"l":139514659,"T":1586825817117,"m":true,"M":true},"794":{"a":121666921,"p":"155.95000000","q":"1.82553000","f":139514660,"l":139514661,"T":1586825817130,"m":true,"M":true},"795":{"a":121666922,"p":"155.94000000","q":"60.73000000","f":139514662,"l":139514663,"T":1586825817796,"m":true,"M":true},"796":{"a":121666923,"p":"155.96000000","q":"4.76000000","f":139514664,"l":139514664,"T":1586825817825,"m":false,"M":true},"797":{"a":121666924,"p":"155.95000000","q":"8.36995000","f":139514665,"l":139514666,"T":1586825819288,"m":false,"M":true},"798":{"a":121666925,"p":"155.96000000","q":"9.30334000","f":139514667,"l":139514668,"T":1586825819288,"m":false,"M":true},"799":{"a":121666926,"p":"155.93000000","q":"0.07521000","f":139514669,"l":139514669,"T":1586825819901,"m":true,"M":true},"800":{"a":121666927,"p":"155.93000000","q":"3.20630000","f":139514670,"l":139514671,"T":1586825821489,"m":true,"M":true},"801":{"a":121666928,"p":"155.93000000","q":"0.15845000","f":139514672,"l":139514672,"T":1586825821505,"m":true,"M":true},"802":{"a":121666929,"p":"155.92000000","q":"3.30482000","f":139514673,"l":139514674,"T":1586825821528,"m":true,"M":true},"803":{"a":121666930,"p":"155.91000000","q":"3.10748000","f":139514675,"l":139514675,"T":1586825821528,"m":true,"M":true},"804":{"a":121666931,"p":"155.91000000","q":"1.20980000","f":139514676,"l":139514677,"T":1586825821533,"m":true,"M":true},"805":{"a":121666932,"p":"155.90000000","q":"11.61520000","f":139514678,"l":139514682,"T":1586825821533,"m":true,"M":true},"806":{"a":121666933,"p":"155.91000000","q":"1.11268000","f":139514683,"l":139514683,"T":1586825821542,"m":true,"M":true},"807":{"a":121666934,"p":"155.92000000","q":"0.29300000","f":139514684,"l":139514684,"T":1586825821622,"m":false,"M":true},"808":{"a":121666935,"p":"155.91000000","q":"4.87932000","f":139514685,"l":139514685,"T":1586825821781,"m":false,"M":true},"809":{"a":121666936,"p":"155.90000000","q":"0.15300000","f":139514686,"l":139514686,"T":1586825822046,"m":false,"M":true},"810":{"a":121666937,"p":"155.90000000","q":"0.18300000","f":139514687,"l":139514688,"T":1586825822153,"m":false,"M":true},"811":{"a":121666938,"p":"155.90000000","q":"0.74411000","f":139514689,"l":139514689,"T":1586825822287,"m":false,"M":true},"812":{"a":121666939,"p":"155.90000000","q":"0.52752000","f":139514690,"l":139514690,"T":1586825822392,"m":false,"M":true},"813":{"a":121666940,"p":"155.90000000","q":"0.15546000","f":139514691,"l":139514691,"T":1586825822530,"m":false,"M":true},"814":{"a":121666941,"p":"155.90000000","q":"3.85033000","f":139514692,"l":139514692,"T":1586825822647,"m":false,"M":true},"815":{"a":121666942,"p":"155.90000000","q":"0.07717000","f":139514693,"l":139514693,"T":1586825822738,"m":false,"M":true}